### 1404680461.68 ###
{"tid": "40016498", "timestamp": "1404680438", "amount": "0.011", "type": "bid", "price": "630.99"}
{"tid": "40016501", "timestamp": "1404680451", "amount": "0.01", "type": "ask", "price": "631.155"}
{"tid": "40016502", "timestamp": "1404680451", "amount": "0.001", "type": "ask", "price": "631.155"}
{"tid": "40016503", "timestamp": "1404680451", "amount": "0.009", "type": "ask", "price": "630.99"}
{"tid": "40016504", "timestamp": "1404680451", "amount": "0.0972844", "type": "ask", "price": "630.99"}
### 1404680521.22 ###
### 1404680581.59 ###
{"tid": "40016510", "timestamp": "1404680520", "amount": "0.01", "type": "ask", "price": "630.972"}
{"tid": "40016511", "timestamp": "1404680520", "amount": "0.001", "type": "ask", "price": "630.972"}
{"tid": "40016512", "timestamp": "1404680534", "amount": "0.011", "type": "ask", "price": "630.716"}
{"tid": "40016513", "timestamp": "1404680540", "amount": "0.1395", "type": "bid", "price": "630.716"}
{"tid": "40016518", "timestamp": "1404680576", "amount": "0.011", "type": "ask", "price": "630.331"}
{"tid": "40016519", "timestamp": "1404680576", "amount": "3.177", "type": "ask", "price": "630.331"}
### 1404680641.26 ###
{"tid": "40016521", "timestamp": "1404680581", "amount": "0.3", "type": "ask", "price": "630.331"}
{"tid": "40016524", "timestamp": "1404680583", "amount": "0.3", "type": "ask", "price": "630.331"}
{"tid": "40016525", "timestamp": "1404680585", "amount": "0.3", "type": "ask", "price": "630.331"}
{"tid": "40016530", "timestamp": "1404680595", "amount": "0.11", "type": "ask", "price": "630.331"}
{"tid": "40016531", "timestamp": "1404680598", "amount": "0.3", "type": "ask", "price": "630.331"}
{"tid": "40016532", "timestamp": "1404680600", "amount": "0.3", "type": "ask", "price": "630.331"}
{"tid": "40016535", "timestamp": "1404680610", "amount": "0.3", "type": "ask", "price": "630.331"}
{"tid": "40016537", "timestamp": "1404680623", "amount": "0.011", "type": "bid", "price": "631.485"}
{"tid": "40016538", "timestamp": "1404680624", "amount": "0.305714", "type": "ask", "price": "631.485"}
{"tid": "40016557", "timestamp": "1404680628", "amount": "0.3", "type": "ask", "price": "630.331"}
{"tid": "40016558", "timestamp": "1404680630", "amount": "0.3", "type": "ask", "price": "630.331"}
### 1404680701.14 ###
{"tid": "40016567", "timestamp": "1404680697", "amount": "0.02", "type": "ask", "price": "630.891"}
### 1404680761.55 ###
### 1404680821.44 ###
{"tid": "40016593", "timestamp": "1404680766", "amount": "0.109349", "type": "ask", "price": "630.891"}
{"tid": "40016594", "timestamp": "1404680790", "amount": "0.1985", "type": "ask", "price": "630.891"}
### 1404680881.39 ###
{"tid": "40016604", "timestamp": "1404680829", "amount": "0.0129886", "type": "bid", "price": "630.954"}
{"tid": "40016605", "timestamp": "1404680829", "amount": "0.0197861", "type": "bid", "price": "630.954"}
{"tid": "40016606", "timestamp": "1404680829", "amount": "0.0159338", "type": "bid", "price": "630.954"}
{"tid": "40016607", "timestamp": "1404680829", "amount": "0.0180715", "type": "bid", "price": "630.954"}
{"tid": "40016608", "timestamp": "1404680829", "amount": "0.0167294", "type": "bid", "price": "630.954"}
{"tid": "40016609", "timestamp": "1404680829", "amount": "0.0136425", "type": "bid", "price": "630.954"}
{"tid": "40016610", "timestamp": "1404680829", "amount": "3.33726", "type": "ask", "price": "631"}
{"tid": "40016616", "timestamp": "1404680862", "amount": "0.0394", "type": "bid", "price": "631"}
{"tid": "40016617", "timestamp": "1404680862", "amount": "0.011", "type": "bid", "price": "631.61"}
{"tid": "40016618", "timestamp": "1404680862", "amount": "0.0175", "type": "bid", "price": "631.949"}
{"tid": "40016619", "timestamp": "1404680862", "amount": "0.10076", "type": "bid", "price": "631.95"}
### 1404724232.24 ###
{"tid": "40035118", "timestamp": "1404722468", "amount": "0.0192067", "type": "bid", "price": "628"}
{"tid": "40035122", "timestamp": "1404722475", "amount": "0.095895", "type": "ask", "price": "627.998"}
{"tid": "40035124", "timestamp": "1404722484", "amount": "0.0352734", "type": "bid", "price": "628"}
{"tid": "40035127", "timestamp": "1404722488", "amount": "2.61", "type": "ask", "price": "628"}
{"tid": "40035131", "timestamp": "1404722522", "amount": "0.010978", "type": "bid", "price": "628.195"}
{"tid": "40035132", "timestamp": "1404722522", "amount": "0.009022", "type": "bid", "price": "628.406"}
{"tid": "40035134", "timestamp": "1404722532", "amount": "0.2429", "type": "ask", "price": "628"}
{"tid": "40035135", "timestamp": "1404722542", "amount": "0.95", "type": "ask", "price": "628"}
{"tid": "40035137", "timestamp": "1404722550", "amount": "0.05", "type": "ask", "price": "628"}
{"tid": "40035138", "timestamp": "1404722556", "amount": "0.0338", "type": "ask", "price": "628"}
{"tid": "40035177", "timestamp": "1404722579", "amount": "0.428027", "type": "ask", "price": "628"}
{"tid": "40035178", "timestamp": "1404722579", "amount": "0.0728734", "type": "ask", "price": "627.998"}
{"tid": "40035189", "timestamp": "1404722588", "amount": "0.722811", "type": "ask", "price": "627.998"}
{"tid": "40035190", "timestamp": "1404722588", "amount": "0.011", "type": "ask", "price": "627.998"}
{"tid": "40035191", "timestamp": "1404722588", "amount": "1.4936", "type": "ask", "price": "626.51"}
{"tid": "40035192", "timestamp": "1404722588", "amount": "0.912348", "type": "ask", "price": "626"}
{"tid": "40035193", "timestamp": "1404722588", "amount": "17.8977", "type": "ask", "price": "626"}
{"tid": "40035194", "timestamp": "1404722588", "amount": "0.015", "type": "ask", "price": "625.999"}
{"tid": "40035195", "timestamp": "1404722588", "amount": "0.11902", "type": "ask", "price": "625.894"}
{"tid": "40035196", "timestamp": "1404722588", "amount": "13.4605", "type": "ask", "price": "625.893"}
{"tid": "40035212", "timestamp": "1404722592", "amount": "0.193216", "type": "bid", "price": "626.51"}
{"tid": "40035328", "timestamp": "1404722730", "amount": "0.07", "type": "bid", "price": "625.822"}
{"tid": "40035331", "timestamp": "1404722735", "amount": "0.3", "type": "ask", "price": "625.821"}
{"tid": "40035334", "timestamp": "1404722755", "amount": "0.01", "type": "bid", "price": "625.821"}
{"tid": "40035335", "timestamp": "1404722762", "amount": "0.01", "type": "bid", "price": "625.821"}
{"tid": "40035336", "timestamp": "1404722768", "amount": "0.01", "type": "bid", "price": "625.821"}
{"tid": "40035337", "timestamp": "1404722773", "amount": "0.01", "type": "bid", "price": "625.821"}
{"tid": "40035339", "timestamp": "1404722778", "amount": "0.0111127", "type": "ask", "price": "625.82"}
{"tid": "40035340", "timestamp": "1404722778", "amount": "0.1", "type": "ask", "price": "625.82"}
{"tid": "40035341", "timestamp": "1404722778", "amount": "0.3426", "type": "ask", "price": "625.6"}
{"tid": "40035342", "timestamp": "1404722778", "amount": "0.012", "type": "ask", "price": "625.5"}
{"tid": "40035343", "timestamp": "1404722778", "amount": "0.01", "type": "ask", "price": "625.395"}
{"tid": "40035344", "timestamp": "1404722778", "amount": "0.05003", "type": "ask", "price": "625.392"}
{"tid": "40035345", "timestamp": "1404722778", "amount": "0.0111127", "type": "ask", "price": "625.386"}
{"tid": "40035346", "timestamp": "1404722778", "amount": "0.0111127", "type": "ask", "price": "625.354"}
{"tid": "40035347", "timestamp": "1404722778", "amount": "0.0111127", "type": "ask", "price": "625.227"}
{"tid": "40035348", "timestamp": "1404722778", "amount": "0.0175", "type": "ask", "price": "625.018"}
{"tid": "40035349", "timestamp": "1404722778", "amount": "0.0434192", "type": "ask", "price": "625.017"}
{"tid": "40035350", "timestamp": "1404722778", "amount": "0.01", "type": "bid", "price": "625.821"}
{"tid": "40035351", "timestamp": "1404722781", "amount": "0.179", "type": "bid", "price": "625.821"}
{"tid": "40035352", "timestamp": "1404722781", "amount": "0.33", "type": "bid", "price": "625.822"}
{"tid": "40035367", "timestamp": "1404722816", "amount": "0.165517", "type": "ask", "price": "626.76"}
{"tid": "40035368", "timestamp": "1404722820", "amount": "0.055", "type": "bid", "price": "625.32"}
{"tid": "40035391", "timestamp": "1404722841", "amount": "0.011", "type": "bid", "price": "627.261"}
{"tid": "40035392", "timestamp": "1404722841", "amount": "0.0830042", "type": "bid", "price": "627.981"}
{"tid": "40035395", "timestamp": "1404722885", "amount": "0.0786218", "type": "ask", "price": "625.051"}
{"tid": "40035396", "timestamp": "1404722885", "amount": "0.010989", "type": "ask", "price": "625.05"}
{"tid": "40035397", "timestamp": "1404722885", "amount": "0.0175", "type": "ask", "price": "625.041"}
{"tid": "40035398", "timestamp": "1404722885", "amount": "0.021042", "type": "ask", "price": "625.04"}
{"tid": "40035399", "timestamp": "1404722885", "amount": "0.1", "type": "ask", "price": "625.019"}
{"tid": "40035400", "timestamp": "1404722885", "amount": "0.00658084", "type": "ask", "price": "625.017"}
{"tid": "40035401", "timestamp": "1404722885", "amount": "0.01004", "type": "ask", "price": "625.017"}
{"tid": "40035402", "timestamp": "1404722885", "amount": "0.179958", "type": "ask", "price": "625.013"}
{"tid": "40035409", "timestamp": "1404722915", "amount": "0.077797", "type": "ask", "price": "625.101"}
{"tid": "40035410", "timestamp": "1404722915", "amount": "0.2", "type": "ask", "price": "625.1"}
{"tid": "40035411", "timestamp": "1404722915", "amount": "0.015403", "type": "ask", "price": "625.013"}
{"tid": "40035441", "timestamp": "1404722933", "amount": "0.0329", "type": "bid", "price": "627.999"}
{"tid": "40035442", "timestamp": "1404722933", "amount": "0.0971", "type": "bid", "price": "627.999"}
{"tid": "40035447", "timestamp": "1404722963", "amount": "0.0104999", "type": "bid", "price": "627.997"}
{"tid": "40035448", "timestamp": "1404722963", "amount": "0.0395001", "type": "bid", "price": "627.999"}
{"tid": "40035450", "timestamp": "1404722966", "amount": "0.011", "type": "ask", "price": "626.066"}
{"tid": "40035451", "timestamp": "1404722966", "amount": "0.039", "type": "ask", "price": "625.1"}
{"tid": "40035452", "timestamp": "1404722969", "amount": "0.01", "type": "ask", "price": "625.1"}
{"tid": "40035454", "timestamp": "1404722975", "amount": "0.451", "type": "ask", "price": "625.1"}
{"tid": "40035455", "timestamp": "1404722975", "amount": "1.18599", "type": "ask", "price": "625.013"}
{"tid": "40035456", "timestamp": "1404722975", "amount": "0.0354", "type": "ask", "price": "625.002"}
{"tid": "40035457", "timestamp": "1404722975", "amount": "1.76553", "type": "ask", "price": "625.002"}
{"tid": "40035458", "timestamp": "1404722975", "amount": "2.144", "type": "ask", "price": "625"}
{"tid": "40035459", "timestamp": "1404722975", "amount": "0.666275", "type": "ask", "price": "625"}
{"tid": "40035474", "timestamp": "1404723045", "amount": "0.0105", "type": "bid", "price": "627.994"}
{"tid": "40035476", "timestamp": "1404723046", "amount": "0.00682899", "type": "ask", "price": "627.994"}
{"tid": "40035480", "timestamp": "1404723081", "amount": "0.01", "type": "ask", "price": "625.1"}
{"tid": "40035507", "timestamp": "1404723197", "amount": "0.01", "type": "bid", "price": "626"}
{"tid": "40035512", "timestamp": "1404723205", "amount": "0.01", "type": "bid", "price": "626"}
{"tid": "40035513", "timestamp": "1404723208", "amount": "0.0535486", "type": "bid", "price": "626"}
{"tid": "40035515", "timestamp": "1404723244", "amount": "0.01", "type": "bid", "price": "627.611"}
{"tid": "40035547", "timestamp": "1404723315", "amount": "0.0004", "type": "bid", "price": "627.611"}
{"tid": "40035548", "timestamp": "1404723315", "amount": "0.0175", "type": "bid", "price": "627.998"}
{"tid": "40035549", "timestamp": "1404723315", "amount": "0.0224", "type": "bid", "price": "627.999"}
{"tid": "40035550", "timestamp": "1404723315", "amount": "0.0277408", "type": "bid", "price": "628"}
{"tid": "40035552", "timestamp": "1404723315", "amount": "0.289615", "type": "bid", "price": "628"}
{"tid": "40035559", "timestamp": "1404723316", "amount": "0.040086", "type": "bid", "price": "628"}
{"tid": "40035562", "timestamp": "1404723316", "amount": "0.0906929", "type": "bid", "price": "628"}
{"tid": "40035568", "timestamp": "1404723353", "amount": "0.01", "type": "ask", "price": "625.114"}
{"tid": "40035596", "timestamp": "1404723377", "amount": "0.0402999", "type": "bid", "price": "627.997"}
{"tid": "40035605", "timestamp": "1404723381", "amount": "0.111637", "type": "bid", "price": "627.997"}
{"tid": "40035642", "timestamp": "1404723400", "amount": "0.0950626", "type": "bid", "price": "627.997"}
{"tid": "40035643", "timestamp": "1404723401", "amount": "0.796462", "type": "ask", "price": "627.997"}
{"tid": "40035651", "timestamp": "1404723407", "amount": "0.0202625", "type": "ask", "price": "627.997"}
{"tid": "40035653", "timestamp": "1404723414", "amount": "0.088", "type": "ask", "price": "627.997"}
{"tid": "40035684", "timestamp": "1404723513", "amount": "0.276", "type": "bid", "price": "627.998"}
{"tid": "40035685", "timestamp": "1404723513", "amount": "0.251866", "type": "bid", "price": "628"}
{"tid": "40035686", "timestamp": "1404723513", "amount": "0.372134", "type": "bid", "price": "628"}
{"tid": "40035687", "timestamp": "1404723525", "amount": "0.00021255", "type": "ask", "price": "627.997"}
{"tid": "40035727", "timestamp": "1404723653", "amount": "0.167006", "type": "bid", "price": "627.996"}
{"tid": "40035734", "timestamp": "1404723679", "amount": "0.0135231", "type": "ask", "price": "627.5"}
{"tid": "40035735", "timestamp": "1404723679", "amount": "0.0175", "type": "ask", "price": "625.115"}
{"tid": "40035736", "timestamp": "1404723679", "amount": "0.148764", "type": "bid", "price": "625.115"}
{"tid": "40035741", "timestamp": "1404723715", "amount": "0.0144057", "type": "bid", "price": "626.703"}
{"tid": "40035742", "timestamp": "1404723715", "amount": "0.0465209", "type": "bid", "price": "626.703"}
{"tid": "40035743", "timestamp": "1404723715", "amount": "0.0380685", "type": "bid", "price": "626.703"}
{"tid": "40035814", "timestamp": "1404723717", "amount": "0.011", "type": "bid", "price": "626.705"}
{"tid": "40035823", "timestamp": "1404723782", "amount": "0.0502373", "type": "bid", "price": "627.706"}
{"tid": "40035824", "timestamp": "1404723782", "amount": "0.0175", "type": "bid", "price": "627.996"}
{"tid": "40035825", "timestamp": "1404723782", "amount": "0.167006", "type": "bid", "price": "627.997"}
{"tid": "40035826", "timestamp": "1404723782", "amount": "0.531474", "type": "bid", "price": "628"}
{"tid": "40035835", "timestamp": "1404723837", "amount": "0.47908", "type": "ask", "price": "625.811"}
{"tid": "40035836", "timestamp": "1404723837", "amount": "0.45092", "type": "bid", "price": "625.791"}
{"tid": "40035842", "timestamp": "1404723876", "amount": "0.0143755", "type": "bid", "price": "627.999"}
{"tid": "40035852", "timestamp": "1404723964", "amount": "0.0175", "type": "ask", "price": "625.115"}
{"tid": "40035854", "timestamp": "1404723965", "amount": "0.0823", "type": "bid", "price": "625.115"}
{"tid": "40035855", "timestamp": "1404723997", "amount": "0.00748898", "type": "ask", "price": "625.114"}
{"tid": "40035856", "timestamp": "1404723997", "amount": "0.01", "type": "ask", "price": "625.111"}
{"tid": "40035857", "timestamp": "1404723997", "amount": "0.022511", "type": "ask", "price": "625.111"}
{"tid": "40035858", "timestamp": "1404724012", "amount": "0.0175", "type": "bid", "price": "627.989"}
{"tid": "40035859", "timestamp": "1404724012", "amount": "0.0025", "type": "bid", "price": "627.99"}
{"tid": "40035876", "timestamp": "1404724084", "amount": "0.015", "type": "bid", "price": "627.98"}
{"tid": "40035877", "timestamp": "1404724091", "amount": "0.01", "type": "bid", "price": "627.98"}
{"tid": "40035881", "timestamp": "1404724097", "amount": "0.015", "type": "bid", "price": "627.98"}
{"tid": "40035882", "timestamp": "1404724105", "amount": "0.015", "type": "bid", "price": "627.98"}
{"tid": "40035887", "timestamp": "1404724115", "amount": "0.011", "type": "bid", "price": "627.344"}
{"tid": "40035888", "timestamp": "1404724115", "amount": "0.002", "type": "bid", "price": "627.98"}
{"tid": "40035898", "timestamp": "1404724124", "amount": "0.059", "type": "bid", "price": "627.97"}
{"tid": "40035900", "timestamp": "1404724129", "amount": "0.059", "type": "bid", "price": "627.97"}
{"tid": "40035909", "timestamp": "1404724183", "amount": "0.011", "type": "ask", "price": "626.071"}
{"tid": "40035911", "timestamp": "1404724191", "amount": "0.140011", "type": "bid", "price": "626.071"}
{"tid": "40035915", "timestamp": "1404724208", "amount": "0.0122525", "type": "bid", "price": "627.959"}
{"tid": "40035916", "timestamp": "1404724208", "amount": "0.0432475", "type": "bid", "price": "627.959"}
{"tid": "40035917", "timestamp": "1404724211", "amount": "0.0413789", "type": "bid", "price": "627.96"}
{"tid": "40035921", "timestamp": "1404724211", "amount": "0.0583925", "type": "bid", "price": "627.96"}
{"tid": "40035923", "timestamp": "1404724212", "amount": "0.00928889", "type": "ask", "price": "627.96"}
{"tid": "40035925", "timestamp": "1404724212", "amount": "0.00607643", "type": "ask", "price": "627.96"}
{"tid": "40035926", "timestamp": "1404724214", "amount": "0.0300427", "type": "bid", "price": "627.97"}
{"tid": "40035927", "timestamp": "1404724214", "amount": "0.017675", "type": "bid", "price": "627.97"}
{"tid": "40035928", "timestamp": "1404724214", "amount": "0.0317823", "type": "bid", "price": "627.97"}
{"tid": "40035929", "timestamp": "1404724214", "amount": "0.01", "type": "ask", "price": "627.97"}
{"tid": "40035930", "timestamp": "1404724216", "amount": "0.054229", "type": "ask", "price": "627.97"}
{"tid": "40035931", "timestamp": "1404724216", "amount": "0.0156564", "type": "ask", "price": "627.97"}
{"tid": "40035932", "timestamp": "1404724216", "amount": "0.0301146", "type": "ask", "price": "627.97"}
{"tid": "40035933", "timestamp": "1404724216", "amount": "0.0427714", "type": "bid", "price": "627.98"}
{"tid": "40035934", "timestamp": "1404724216", "amount": "0.0281608", "type": "bid", "price": "627.98"}
{"tid": "40035935", "timestamp": "1404724216", "amount": "0.0509195", "type": "bid", "price": "627.98"}
{"tid": "40035936", "timestamp": "1404724216", "amount": "0.0206911", "type": "bid", "price": "627.98"}
{"tid": "40035937", "timestamp": "1404724217", "amount": "0.0155781", "type": "ask", "price": "627.98"}
{"tid": "40035938", "timestamp": "1404724217", "amount": "0.0370218", "type": "ask", "price": "627.98"}
{"tid": "40035939", "timestamp": "1404724217", "amount": "0.0428307", "type": "bid", "price": "627.959"}
{"tid": "40035940", "timestamp": "1404724217", "amount": "0.0185693", "type": "bid", "price": "627.959"}
{"tid": "40035941", "timestamp": "1404724218", "amount": "0.0323738", "type": "ask", "price": "627.98"}
{"tid": "40035942", "timestamp": "1404724218", "amount": "0.0311875", "type": "ask", "price": "627.98"}
{"tid": "40035943", "timestamp": "1404724218", "amount": "0.0114685", "type": "ask", "price": "627.98"}
### 1404724261.26 ###
{"tid": "40035952", "timestamp": "1404724254", "amount": "0.01", "type": "ask", "price": "625.132"}
### 1404724321.41 ###
{"tid": "40035963", "timestamp": "1404724269", "amount": "0.0307442", "type": "bid", "price": "627.959"}
{"tid": "40035964", "timestamp": "1404724269", "amount": "0.0559907", "type": "bid", "price": "627.959"}
{"tid": "40035966", "timestamp": "1404724287", "amount": "0.1595", "type": "bid", "price": "625.132"}
### 1404724381.36 ###
{"tid": "40036022", "timestamp": "1404724321", "amount": "0.011", "type": "bid", "price": "627.106"}
{"tid": "40036025", "timestamp": "1404724321", "amount": "0.0556239", "type": "bid", "price": "627.959"}
{"tid": "40036027", "timestamp": "1404724321", "amount": "0.0175", "type": "bid", "price": "627.999"}
{"tid": "40036028", "timestamp": "1404724321", "amount": "1E-8", "type": "bid", "price": "627.999"}
{"tid": "40036029", "timestamp": "1404724321", "amount": "0.00999999", "type": "bid", "price": "628"}
{"tid": "40036031", "timestamp": "1404724321", "amount": "0.0847249", "type": "bid", "price": "628"}
{"tid": "40036033", "timestamp": "1404724321", "amount": "0.01404", "type": "bid", "price": "628"}
{"tid": "40036035", "timestamp": "1404724321", "amount": "0.0842399", "type": "bid", "price": "628"}
{"tid": "40036089", "timestamp": "1404724323", "amount": "0.0377497", "type": "bid", "price": "628"}
{"tid": "40036097", "timestamp": "1404724323", "amount": "0.0501568", "type": "bid", "price": "628"}
{"tid": "40036102", "timestamp": "1404724323", "amount": "0.0149286", "type": "bid", "price": "628"}
{"tid": "40036122", "timestamp": "1404724324", "amount": "0.0437454", "type": "bid", "price": "628"}
{"tid": "40036124", "timestamp": "1404724324", "amount": "0.0165455", "type": "bid", "price": "628"}
{"tid": "40036126", "timestamp": "1404724324", "amount": "0.0373709", "type": "bid", "price": "628"}
{"tid": "40036127", "timestamp": "1404724324", "amount": "0.0107914", "type": "bid", "price": "628"}
{"tid": "40036130", "timestamp": "1404724324", "amount": "0.0490815", "type": "bid", "price": "628"}
{"tid": "40036139", "timestamp": "1404724324", "amount": "0.0153781", "type": "bid", "price": "628"}
{"tid": "40036141", "timestamp": "1404724324", "amount": "0.0187818", "type": "bid", "price": "628"}
{"tid": "40036145", "timestamp": "1404724324", "amount": "0.608858", "type": "bid", "price": "628"}
{"tid": "40036147", "timestamp": "1404724324", "amount": "1.00201", "type": "bid", "price": "628"}
{"tid": "40036148", "timestamp": "1404724324", "amount": "1.85116", "type": "bid", "price": "628"}
{"tid": "40036149", "timestamp": "1404724324", "amount": "0.0148273", "type": "bid", "price": "628"}
{"tid": "40036150", "timestamp": "1404724324", "amount": "0.10992", "type": "bid", "price": "628"}
{"tid": "40036154", "timestamp": "1404724324", "amount": "2.72582", "type": "bid", "price": "628"}
{"tid": "40036155", "timestamp": "1404724324", "amount": "0.0126278", "type": "bid", "price": "628"}
{"tid": "40036156", "timestamp": "1404724324", "amount": "0.0127167", "type": "bid", "price": "628"}
{"tid": "40036157", "timestamp": "1404724324", "amount": "0.647666", "type": "bid", "price": "628"}
{"tid": "40036158", "timestamp": "1404724324", "amount": "0.0348504", "type": "bid", "price": "628"}
{"tid": "40036159", "timestamp": "1404724324", "amount": "0.481901", "type": "bid", "price": "628"}
{"tid": "40036161", "timestamp": "1404724324", "amount": "0.227679", "type": "bid", "price": "628"}
{"tid": "40036162", "timestamp": "1404724324", "amount": "0.0106148", "type": "bid", "price": "628"}
{"tid": "40036163", "timestamp": "1404724324", "amount": "0.0244609", "type": "bid", "price": "628"}
{"tid": "40036164", "timestamp": "1404724324", "amount": "1.31488", "type": "bid", "price": "628"}
{"tid": "40036166", "timestamp": "1404724324", "amount": "0.0758393", "type": "bid", "price": "628"}
{"tid": "40036167", "timestamp": "1404724324", "amount": "3.23377", "type": "bid", "price": "628"}
{"tid": "40036168", "timestamp": "1404724324", "amount": "0.0121273", "type": "bid", "price": "628"}
{"tid": "40036169", "timestamp": "1404724324", "amount": "0.0161892", "type": "bid", "price": "628"}
{"tid": "40036170", "timestamp": "1404724324", "amount": "0.376976", "type": "bid", "price": "628"}
{"tid": "40036171", "timestamp": "1404724324", "amount": "0.0157732", "type": "bid", "price": "628"}
{"tid": "40036172", "timestamp": "1404724324", "amount": "0.0119202", "type": "bid", "price": "628"}
{"tid": "40036173", "timestamp": "1404724324", "amount": "0.0107549", "type": "bid", "price": "628"}
{"tid": "40036174", "timestamp": "1404724324", "amount": "0.360499", "type": "bid", "price": "628"}
{"tid": "40036175", "timestamp": "1404724324", "amount": "0.20985", "type": "bid", "price": "628"}
{"tid": "40036176", "timestamp": "1404724324", "amount": "0.0105513", "type": "bid", "price": "628"}
{"tid": "40036177", "timestamp": "1404724324", "amount": "0.620354", "type": "bid", "price": "628"}
{"tid": "40036178", "timestamp": "1404724324", "amount": "0.011", "type": "bid", "price": "628"}
{"tid": "40036179", "timestamp": "1404724324", "amount": "0.0163644", "type": "bid", "price": "628"}
{"tid": "40036180", "timestamp": "1404724324", "amount": "0.458879", "type": "bid", "price": "628"}
{"tid": "40036181", "timestamp": "1404724324", "amount": "1.18403", "type": "bid", "price": "628"}
{"tid": "40036182", "timestamp": "1404724325", "amount": "0.0223838", "type": "bid", "price": "628"}
{"tid": "40036187", "timestamp": "1404724326", "amount": "0.0115808", "type": "bid", "price": "628"}
{"tid": "40036188", "timestamp": "1404724326", "amount": "0.0893198", "type": "bid", "price": "628"}
{"tid": "40036189", "timestamp": "1404724326", "amount": "0.0133473", "type": "bid", "price": "628"}
{"tid": "40036190", "timestamp": "1404724326", "amount": "0.0584408", "type": "bid", "price": "628"}
{"tid": "40036191", "timestamp": "1404724326", "amount": "0.509791", "type": "bid", "price": "628"}
{"tid": "40036192", "timestamp": "1404724326", "amount": "0.0492059", "type": "bid", "price": "628"}
{"tid": "40036193", "timestamp": "1404724326", "amount": "0.0289089", "type": "bid", "price": "628"}
{"tid": "40036194", "timestamp": "1404724326", "amount": "0.0119222", "type": "bid", "price": "628"}
{"tid": "40036195", "timestamp": "1404724326", "amount": "0.0218931", "type": "bid", "price": "628"}
{"tid": "40036196", "timestamp": "1404724326", "amount": "0.0150913", "type": "bid", "price": "628"}
{"tid": "40036197", "timestamp": "1404724326", "amount": "0.0382948", "type": "bid", "price": "628"}
{"tid": "40036198", "timestamp": "1404724326", "amount": "0.0132816", "type": "bid", "price": "628"}
{"tid": "40036199", "timestamp": "1404724326", "amount": "0.0133693", "type": "bid", "price": "628"}
{"tid": "40036201", "timestamp": "1404724327", "amount": "0.484164", "type": "bid", "price": "628"}
{"tid": "40036204", "timestamp": "1404724327", "amount": "0.022366", "type": "bid", "price": "628"}
{"tid": "40036208", "timestamp": "1404724328", "amount": "0.0753261", "type": "bid", "price": "628"}
{"tid": "40036220", "timestamp": "1404724329", "amount": "0.3", "type": "bid", "price": "628"}
{"tid": "40036227", "timestamp": "1404724331", "amount": "0.3", "type": "bid", "price": "628"}
{"tid": "40036231", "timestamp": "1404724333", "amount": "0.47856", "type": "ask", "price": "626.491"}
{"tid": "40036232", "timestamp": "1404724333", "amount": "0.112234", "type": "ask", "price": "626.49"}
{"tid": "40036238", "timestamp": "1404724336", "amount": "0.0628764", "type": "bid", "price": "627.46"}
{"tid": "40036239", "timestamp": "1404724336", "amount": "0.0141235", "type": "bid", "price": "627.46"}
{"tid": "40036249", "timestamp": "1404724343", "amount": "0.01", "type": "ask", "price": "627.462"}
{"tid": "40036252", "timestamp": "1404724346", "amount": "0.01", "type": "ask", "price": "627.462"}
{"tid": "40036261", "timestamp": "1404724348", "amount": "0.065", "type": "bid", "price": "627.462"}
{"tid": "40036262", "timestamp": "1404724348", "amount": "0.796854", "type": "bid", "price": "628"}
{"tid": "40036263", "timestamp": "1404724351", "amount": "0.3", "type": "bid", "price": "628"}
{"tid": "40036268", "timestamp": "1404724361", "amount": "0.042", "type": "ask", "price": "626.502"}
{"tid": "40036276", "timestamp": "1404724366", "amount": "0.0570863", "type": "bid", "price": "628"}
{"tid": "40036281", "timestamp": "1404724368", "amount": "0.02488", "type": "ask", "price": "626.513"}
{"tid": "40036282", "timestamp": "1404724368", "amount": "0.01712", "type": "ask", "price": "626.513"}
{"tid": "40036283", "timestamp": "1404724370", "amount": "0.08", "type": "ask", "price": "626.521"}
{"tid": "40036284", "timestamp": "1404724371", "amount": "0.297933", "type": "bid", "price": "628"}
### 1404724441.54 ###
{"tid": "40036287", "timestamp": "1404724381", "amount": "0.144", "type": "ask", "price": "626.542"}
{"tid": "40036288", "timestamp": "1404724385", "amount": "0.01", "type": "ask", "price": "626.542"}
{"tid": "40036289", "timestamp": "1404724385", "amount": "0.11", "type": "ask", "price": "626.541"}
{"tid": "40036295", "timestamp": "1404724394", "amount": "0.042", "type": "ask", "price": "627.5"}
{"tid": "40036301", "timestamp": "1404724409", "amount": "0.04", "type": "ask", "price": "627.5"}
{"tid": "40036302", "timestamp": "1404724410", "amount": "0.0928401", "type": "ask", "price": "627.5"}
{"tid": "40036303", "timestamp": "1404724410", "amount": "0.47908", "type": "ask", "price": "625.811"}
{"tid": "40036304", "timestamp": "1404724410", "amount": "0.154", "type": "ask", "price": "625.811"}
{"tid": "40036305", "timestamp": "1404724410", "amount": "0.23", "type": "ask", "price": "625.63"}
{"tid": "40036306", "timestamp": "1404724410", "amount": "0.0222", "type": "ask", "price": "625.491"}
{"tid": "40036307", "timestamp": "1404724410", "amount": "0.0104", "type": "ask", "price": "625.491"}
{"tid": "40036308", "timestamp": "1404724410", "amount": "0.0111127", "type": "ask", "price": "625.399"}
{"tid": "40036309", "timestamp": "1404724410", "amount": "0.0221134", "type": "ask", "price": "625.123"}
{"tid": "40036310", "timestamp": "1404724410", "amount": "0.0175", "type": "ask", "price": "625.122"}
{"tid": "40036311", "timestamp": "1404724410", "amount": "0.328318", "type": "ask", "price": "625.121"}
{"tid": "40036312", "timestamp": "1404724410", "amount": "1.4", "type": "ask", "price": "625.108"}
{"tid": "40036313", "timestamp": "1404724410", "amount": "0.21042", "type": "ask", "price": "625.107"}
{"tid": "40036314", "timestamp": "1404724410", "amount": "0.1", "type": "ask", "price": "625.1"}
{"tid": "40036315", "timestamp": "1404724410", "amount": "0.133725", "type": "ask", "price": "625"}
{"tid": "40036316", "timestamp": "1404724410", "amount": "0.05", "type": "ask", "price": "625"}
{"tid": "40036317", "timestamp": "1404724410", "amount": "0.012", "type": "ask", "price": "625"}
{"tid": "40036318", "timestamp": "1404724410", "amount": "0.0614904", "type": "ask", "price": "625"}
{"tid": "40036322", "timestamp": "1404724414", "amount": "0.548", "type": "bid", "price": "628"}
{"tid": "40036323", "timestamp": "1404724427", "amount": "0.027", "type": "bid", "price": "628"}
{"tid": "40036327", "timestamp": "1404724433", "amount": "0.078", "type": "bid", "price": "628"}
{"tid": "40036330", "timestamp": "1404724435", "amount": "0.108705", "type": "bid", "price": "628"}
{"tid": "40036332", "timestamp": "1404724440", "amount": "0.139", "type": "bid", "price": "628"}
### 1404724501.54 ###
{"tid": "40036336", "timestamp": "1404724468", "amount": "0.945547", "type": "ask", "price": "625.931"}
{"tid": "40036337", "timestamp": "1404724468", "amount": "0.0628164", "type": "ask", "price": "625.931"}
{"tid": "40036338", "timestamp": "1404724468", "amount": "0.351637", "type": "ask", "price": "625.931"}
### 1404920236.09 ###
{"tid": "40134372", "timestamp": "1404919438", "amount": "0.160195", "type": "bid", "price": "617.411"}
{"tid": "40134379", "timestamp": "1404919440", "amount": "0.203018", "type": "ask", "price": "615.701"}
{"tid": "40134380", "timestamp": "1404919440", "amount": "0.1579", "type": "ask", "price": "615.7"}
{"tid": "40134381", "timestamp": "1404919440", "amount": "0.0996592", "type": "ask", "price": "615.468"}
{"tid": "40134382", "timestamp": "1404919440", "amount": "0.07004", "type": "ask", "price": "615.465"}
{"tid": "40134383", "timestamp": "1404919440", "amount": "0.00938278", "type": "ask", "price": "615.447"}
{"tid": "40134386", "timestamp": "1404919455", "amount": "0.535", "type": "bid", "price": "617.411"}
{"tid": "40134389", "timestamp": "1404919462", "amount": "0.00172993", "type": "ask", "price": "615.447"}
{"tid": "40134390", "timestamp": "1404919463", "amount": "0.0662701", "type": "bid", "price": "615.447"}
{"tid": "40134399", "timestamp": "1404919492", "amount": "0.0247723", "type": "bid", "price": "617.411"}
{"tid": "40134401", "timestamp": "1404919503", "amount": "0.121335", "type": "ask", "price": "615.702"}
{"tid": "40134404", "timestamp": "1404919512", "amount": "0.011", "type": "bid", "price": "616.841"}
{"tid": "40134405", "timestamp": "1404919514", "amount": "0.01", "type": "ask", "price": "616.841"}
{"tid": "40134406", "timestamp": "1404919518", "amount": "0.047", "type": "ask", "price": "616.841"}
{"tid": "40134407", "timestamp": "1404919518", "amount": "0.043", "type": "ask", "price": "615.702"}
{"tid": "40134408", "timestamp": "1404919523", "amount": "0.2", "type": "ask", "price": "615.702"}
{"tid": "40134409", "timestamp": "1404919528", "amount": "0.1", "type": "ask", "price": "615.702"}
{"tid": "40134413", "timestamp": "1404919532", "amount": "0.2", "type": "ask", "price": "615.702"}
{"tid": "40134430", "timestamp": "1404919574", "amount": "0.53193", "type": "bid", "price": "617.411"}
{"tid": "40134432", "timestamp": "1404919575", "amount": "0.081226", "type": "ask", "price": "617.411"}
{"tid": "40134433", "timestamp": "1404919576", "amount": "0.01", "type": "bid", "price": "617.72"}
{"tid": "40134436", "timestamp": "1404919579", "amount": "0.00684429", "type": "ask", "price": "617.411"}
{"tid": "40134437", "timestamp": "1404919579", "amount": "0.00515571", "type": "ask", "price": "615.702"}
{"tid": "40134459", "timestamp": "1404919657", "amount": "0.011", "type": "bid", "price": "617.272"}
{"tid": "40134460", "timestamp": "1404919657", "amount": "0.0078", "type": "bid", "price": "617.72"}
{"tid": "40134461", "timestamp": "1404919657", "amount": "0.0092", "type": "bid", "price": "617.72"}
{"tid": "40134513", "timestamp": "1404919678", "amount": "0.011", "type": "ask", "price": "616.375"}
{"tid": "40134516", "timestamp": "1404919690", "amount": "0.039", "type": "bid", "price": "616.375"}
{"tid": "40134517", "timestamp": "1404919690", "amount": "0.1", "type": "bid", "price": "616.375"}
{"tid": "40134518", "timestamp": "1404919690", "amount": "0.098", "type": "bid", "price": "616.375"}
{"tid": "40134519", "timestamp": "1404919693", "amount": "0.011", "type": "ask", "price": "616.058"}
{"tid": "40134520", "timestamp": "1404919693", "amount": "0.042", "type": "ask", "price": "615.9"}
{"tid": "40134531", "timestamp": "1404919704", "amount": "0.011", "type": "bid", "price": "616.217"}
{"tid": "40134532", "timestamp": "1404919708", "amount": "0.042", "type": "bid", "price": "616.375"}
{"tid": "40134543", "timestamp": "1404919722", "amount": "0.0008", "type": "bid", "price": "617.72"}
{"tid": "40134544", "timestamp": "1404919722", "amount": "0.0092", "type": "bid", "price": "617.72"}
{"tid": "40134545", "timestamp": "1404919724", "amount": "0.0008", "type": "bid", "price": "617.72"}
{"tid": "40134546", "timestamp": "1404919724", "amount": "0.0092", "type": "bid", "price": "617.72"}
{"tid": "40134547", "timestamp": "1404919726", "amount": "0.0008", "type": "bid", "price": "617.72"}
{"tid": "40134548", "timestamp": "1404919726", "amount": "0.0092", "type": "bid", "price": "617.72"}
{"tid": "40134549", "timestamp": "1404919727", "amount": "0.0008", "type": "bid", "price": "617.72"}
{"tid": "40134553", "timestamp": "1404919747", "amount": "0.011", "type": "bid", "price": "617.861"}
{"tid": "40134554", "timestamp": "1404919747", "amount": "0.0932", "type": "bid", "price": "617.92"}
{"tid": "40134555", "timestamp": "1404919747", "amount": "0.0428", "type": "bid", "price": "617.92"}
{"tid": "40134556", "timestamp": "1404919747", "amount": "0.188", "type": "bid", "price": "617.921"}
{"tid": "40134557", "timestamp": "1404919747", "amount": "0.07", "type": "bid", "price": "617.932"}
{"tid": "40134558", "timestamp": "1404919747", "amount": "0.01", "type": "bid", "price": "617.932"}
{"tid": "40134559", "timestamp": "1404919747", "amount": "0.01", "type": "bid", "price": "617.932"}
{"tid": "40134560", "timestamp": "1404919747", "amount": "0.075", "type": "ask", "price": "617.932"}
{"tid": "40134561", "timestamp": "1404919751", "amount": "0.0396", "type": "bid", "price": "618.164"}
{"tid": "40134562", "timestamp": "1404919751", "amount": "0.01", "type": "ask", "price": "618.164"}
{"tid": "40134563", "timestamp": "1404919752", "amount": "0.2804", "type": "ask", "price": "618.164"}
{"tid": "40134564", "timestamp": "1404919753", "amount": "0.0092", "type": "ask", "price": "617.72"}
{"tid": "40134609", "timestamp": "1404919811", "amount": "0.03", "type": "ask", "price": "616.389"}
{"tid": "40134621", "timestamp": "1404919814", "amount": "0.01", "type": "bid", "price": "617.72"}
{"tid": "40134632", "timestamp": "1404919839", "amount": "0.052", "type": "bid", "price": "617.719"}
{"tid": "40134633", "timestamp": "1404919841", "amount": "0.011", "type": "ask", "price": "616.833"}
{"tid": "40134634", "timestamp": "1404919844", "amount": "0.914832", "type": "bid", "price": "616.833"}
{"tid": "40134635", "timestamp": "1404919845", "amount": "0.666451", "type": "bid", "price": "616.833"}
{"tid": "40134637", "timestamp": "1404919850", "amount": "0.01", "type": "bid", "price": "616.833"}
{"tid": "40134638", "timestamp": "1404919859", "amount": "0.21", "type": "bid", "price": "616.833"}
{"tid": "40134640", "timestamp": "1404919871", "amount": "0.049", "type": "bid", "price": "616.833"}
{"tid": "40134643", "timestamp": "1404919880", "amount": "0.011", "type": "bid", "price": "616.722"}
{"tid": "40134645", "timestamp": "1404919884", "amount": "0.0199208", "type": "bid", "price": "616.833"}
{"tid": "40134647", "timestamp": "1404919886", "amount": "0.011", "type": "ask", "price": "616.833"}
{"tid": "40134658", "timestamp": "1404919889", "amount": "0.01", "type": "bid", "price": "617.72"}
{"tid": "40134668", "timestamp": "1404919903", "amount": "0.95", "type": "ask", "price": "616.5"}
{"tid": "40134669", "timestamp": "1404919903", "amount": "0.04002", "type": "ask", "price": "616.389"}
{"tid": "40134670", "timestamp": "1404919903", "amount": "0.058", "type": "ask", "price": "615.9"}
{"tid": "40134671", "timestamp": "1404919903", "amount": "0.0111127", "type": "ask", "price": "615.358"}
{"tid": "40134672", "timestamp": "1404919903", "amount": "0.0111127", "type": "ask", "price": "615.253"}
{"tid": "40134673", "timestamp": "1404919903", "amount": "0.01004", "type": "ask", "price": "615.253"}
{"tid": "40134674", "timestamp": "1404919903", "amount": "10", "type": "ask", "price": "615.25"}
{"tid": "40134675", "timestamp": "1404919903", "amount": "0.07002", "type": "ask", "price": "615.219"}
{"tid": "40134676", "timestamp": "1404919903", "amount": "0.0555307", "type": "ask", "price": "615.155"}
{"tid": "40134677", "timestamp": "1404919903", "amount": "0.3", "type": "ask", "price": "615.154"}
{"tid": "40134678", "timestamp": "1404919903", "amount": "1.06", "type": "ask", "price": "615.1"}
{"tid": "40134679", "timestamp": "1404919903", "amount": "0.0991138", "type": "ask", "price": "615.053"}
{"tid": "40134680", "timestamp": "1404919903", "amount": "3.76", "type": "ask", "price": "615"}
{"tid": "40134681", "timestamp": "1404919905", "amount": "0.14", "type": "bid", "price": "615"}
{"tid": "40134682", "timestamp": "1404919905", "amount": "0.03", "type": "bid", "price": "615"}
{"tid": "40134683", "timestamp": "1404919906", "amount": "0.018", "type": "bid", "price": "615"}
{"tid": "40134684", "timestamp": "1404919906", "amount": "0.306", "type": "bid", "price": "615"}
{"tid": "40134685", "timestamp": "1404919906", "amount": "0.871767", "type": "bid", "price": "615"}
{"tid": "40134694", "timestamp": "1404919930", "amount": "0.01", "type": "bid", "price": "617.72"}
{"tid": "40134698", "timestamp": "1404919932", "amount": "0.033", "type": "ask", "price": "615.253"}
{"tid": "40134760", "timestamp": "1404919956", "amount": "0.2538", "type": "bid", "price": "617.72"}
{"tid": "40134761", "timestamp": "1404919956", "amount": "0.152923", "type": "bid", "price": "617.72"}
{"tid": "40134765", "timestamp": "1404919956", "amount": "0.323", "type": "bid", "price": "617.72"}
{"tid": "40134769", "timestamp": "1404919956", "amount": "0.036077", "type": "bid", "price": "617.72"}
{"tid": "40134771", "timestamp": "1404919957", "amount": "0.069995", "type": "bid", "price": "618.179"}
{"tid": "40134779", "timestamp": "1404919957", "amount": "0.00000501", "type": "bid", "price": "618.179"}
{"tid": "40134780", "timestamp": "1404919957", "amount": "0.00999499", "type": "bid", "price": "618.5"}
{"tid": "40134785", "timestamp": "1404919958", "amount": "0.00000501", "type": "bid", "price": "618.5"}
{"tid": "40134789", "timestamp": "1404919958", "amount": "0.0525005", "type": "bid", "price": "618.612"}
{"tid": "40134791", "timestamp": "1404919958", "amount": "0.0174995", "type": "bid", "price": "618.612"}
{"tid": "40134792", "timestamp": "1404919958", "amount": "0.0104", "type": "bid", "price": "618.642"}
{"tid": "40134793", "timestamp": "1404919958", "amount": "0.0104", "type": "bid", "price": "618.712"}
{"tid": "40134794", "timestamp": "1404919958", "amount": "0.276733", "type": "bid", "price": "618.94"}
{"tid": "40134804", "timestamp": "1404919959", "amount": "0.0475291", "type": "bid", "price": "618.94"}
{"tid": "40134808", "timestamp": "1404919959", "amount": "0.285175", "type": "bid", "price": "618.94"}
{"tid": "40134820", "timestamp": "1404919960", "amount": "0.0103948", "type": "bid", "price": "618.712"}
{"tid": "40134821", "timestamp": "1404919960", "amount": "0.0902302", "type": "bid", "price": "618.94"}
{"tid": "40134822", "timestamp": "1404919960", "amount": "0.300333", "type": "bid", "price": "618.94"}
{"tid": "40134823", "timestamp": "1404919960", "amount": "0.01", "type": "bid", "price": "618.94"}
{"tid": "40134824", "timestamp": "1404919960", "amount": "0.01", "type": "bid", "price": "618.94"}
{"tid": "40134825", "timestamp": "1404919960", "amount": "0.00263923", "type": "ask", "price": "618.94"}
{"tid": "40134826", "timestamp": "1404919960", "amount": "0.01", "type": "ask", "price": "618.642"}
{"tid": "40134827", "timestamp": "1404919960", "amount": "0.00736077", "type": "bid", "price": "618.94"}
{"tid": "40134829", "timestamp": "1404919962", "amount": "0.00039479", "type": "ask", "price": "618.642"}
{"tid": "40134830", "timestamp": "1404919965", "amount": "0.0103948", "type": "ask", "price": "618.612"}
{"tid": "40134890", "timestamp": "1404919966", "amount": "0.0596002", "type": "bid", "price": "618.612"}
{"tid": "40134891", "timestamp": "1404919968", "amount": "0.069995", "type": "ask", "price": "618.642"}
{"tid": "40134892", "timestamp": "1404919969", "amount": "0.033796", "type": "ask", "price": "618.642"}
{"tid": "40134893", "timestamp": "1404919969", "amount": "0.036199", "type": "ask", "price": "618.501"}
{"tid": "40134894", "timestamp": "1404919971", "amount": "0.033796", "type": "ask", "price": "618.502"}
{"tid": "40134895", "timestamp": "1404919971", "amount": "0.323", "type": "ask", "price": "618.5"}
{"tid": "40134896", "timestamp": "1404919971", "amount": "0.370882", "type": "ask", "price": "617.72"}
{"tid": "40134897", "timestamp": "1404919971", "amount": "0.272322", "type": "ask", "price": "617.72"}
{"tid": "40134902", "timestamp": "1404919975", "amount": "0.011", "type": "bid", "price": "618.595"}
{"tid": "40134903", "timestamp": "1404919975", "amount": "0.01", "type": "bid", "price": "618.94"}
{"tid": "40134904", "timestamp": "1404919975", "amount": "0.173644", "type": "bid", "price": "619"}
{"tid": "40134911", "timestamp": "1404919991", "amount": "0.806", "type": "bid", "price": "619"}
{"tid": "40134914", "timestamp": "1404919994", "amount": "0.012", "type": "ask", "price": "617.721"}
{"tid": "40134937", "timestamp": "1404920009", "amount": "0.0317074", "type": "ask", "price": "617.721"}
{"tid": "40134945", "timestamp": "1404920020", "amount": "0.04", "type": "ask", "price": "617.721"}
{"tid": "40134960", "timestamp": "1404920045", "amount": "0.01", "type": "bid", "price": "618.999"}
{"tid": "40134962", "timestamp": "1404920046", "amount": "0.0474625", "type": "bid", "price": "618.999"}
{"tid": "40134965", "timestamp": "1404920051", "amount": "0.012", "type": "bid", "price": "618.999"}
{"tid": "40134968", "timestamp": "1404920053", "amount": "0.493473", "type": "ask", "price": "617.72"}
{"tid": "40134969", "timestamp": "1404920053", "amount": "0.271306", "type": "ask", "price": "617.72"}
{"tid": "40134970", "timestamp": "1404920053", "amount": "0.0412214", "type": "ask", "price": "617.72"}
{"tid": "40134990", "timestamp": "1404920111", "amount": "0.128738", "type": "bid", "price": "618.999"}
{"tid": "40134991", "timestamp": "1404920112", "amount": "0.0137", "type": "ask", "price": "618.999"}
{"tid": "40134992", "timestamp": "1404920114", "amount": "0.659562", "type": "ask", "price": "618.999"}
{"tid": "40134993", "timestamp": "1404920115", "amount": "0.012", "type": "ask", "price": "617.72"}
{"tid": "40134994", "timestamp": "1404920115", "amount": "0.01", "type": "ask", "price": "617.72"}
{"tid": "40135032", "timestamp": "1404920149", "amount": "0.2022", "type": "ask", "price": "618.999"}
{"tid": "40135033", "timestamp": "1404920150", "amount": "0.0149186", "type": "ask", "price": "618.999"}
{"tid": "40135035", "timestamp": "1404920151", "amount": "0.664646", "type": "ask", "price": "618.999"}
{"tid": "40135036", "timestamp": "1404920151", "amount": "0.118235", "type": "ask", "price": "618.999"}
{"tid": "40135041", "timestamp": "1404920167", "amount": "0.011", "type": "ask", "price": "618.147"}
{"tid": "40135042", "timestamp": "1404920171", "amount": "0.009", "type": "bid", "price": "618"}
{"tid": "40135043", "timestamp": "1404920173", "amount": "0.003", "type": "ask", "price": "618"}
{"tid": "40135044", "timestamp": "1404920173", "amount": "0.0862231", "type": "ask", "price": "617.72"}
{"tid": "40135045", "timestamp": "1404920173", "amount": "0.0773022", "type": "ask", "price": "617.72"}
{"tid": "40135046", "timestamp": "1404920173", "amount": "0.01233", "type": "ask", "price": "617.72"}
{"tid": "40135069", "timestamp": "1404920230", "amount": "0.0211446", "type": "bid", "price": "617.72"}
{"tid": "40135070", "timestamp": "1404920232", "amount": "0.157855", "type": "ask", "price": "617.72"}
{"tid": "40135071", "timestamp": "1404920232", "amount": "0.02", "type": "ask", "price": "617.5"}
### 1404920281.14 ###
{"tid": "40135078", "timestamp": "1404920260", "amount": "1", "type": "ask", "price": "616.766"}
{"tid": "40135079", "timestamp": "1404920263", "amount": "0.01", "type": "bid", "price": "617.256"}
{"tid": "40135081", "timestamp": "1404920264", "amount": "0.001", "type": "bid", "price": "617.256"}
{"tid": "40135082", "timestamp": "1404920264", "amount": "0.009", "type": "bid", "price": "617.5"}
{"tid": "40135087", "timestamp": "1404920269", "amount": "0.665", "type": "ask", "price": "616.766"}
{"tid": "40135089", "timestamp": "1404920270", "amount": "0.335", "type": "bid", "price": "616.687"}
{"tid": "40135091", "timestamp": "1404920278", "amount": "0.0211446", "type": "bid", "price": "617.4"}
### 1404920341.2 ###
{"tid": "40135092", "timestamp": "1404920290", "amount": "0.0111127", "type": "ask", "price": "616.677"}
{"tid": "40135116", "timestamp": "1404920292", "amount": "0.208", "type": "bid", "price": "616.5"}
{"tid": "40135117", "timestamp": "1404920294", "amount": "0.01", "type": "bid", "price": "616.5"}
{"tid": "40135121", "timestamp": "1404920296", "amount": "0.01", "type": "bid", "price": "616.5"}
### 1404920401.01 ###
{"tid": "40135191", "timestamp": "1404920353", "amount": "0.011", "type": "ask", "price": "616.134"}
{"tid": "40135246", "timestamp": "1404920392", "amount": "0.02", "type": "ask", "price": "615.95"}
### 1404920461.17 ###
{"tid": "40135268", "timestamp": "1404920400", "amount": "0.0821834", "type": "ask", "price": "615.95"}
{"tid": "40135280", "timestamp": "1404920409", "amount": "0.397817", "type": "ask", "price": "615.95"}
{"tid": "40135281", "timestamp": "1404920411", "amount": "0.011", "type": "bid", "price": "615.95"}
{"tid": "40135287", "timestamp": "1404920422", "amount": "0.0911834", "type": "bid", "price": "615.95"}
{"tid": "40135289", "timestamp": "1404920422", "amount": "0.0370468", "type": "bid", "price": "615.999"}
{"tid": "40135291", "timestamp": "1404920431", "amount": "0.962953", "type": "bid", "price": "615.999"}
{"tid": "40135292", "timestamp": "1404920431", "amount": "2", "type": "bid", "price": "616"}
{"tid": "40135293", "timestamp": "1404920431", "amount": "0.197", "type": "bid", "price": "616.134"}
{"tid": "40135294", "timestamp": "1404920431", "amount": "0.189262", "type": "bid", "price": "616.489"}
{"tid": "40135295", "timestamp": "1404920431", "amount": "1", "type": "bid", "price": "616.499"}
{"tid": "40135296", "timestamp": "1404920431", "amount": "5.65078", "type": "bid", "price": "616.5"}
{"tid": "40135298", "timestamp": "1404920452", "amount": "0.011", "type": "bid", "price": "616.315"}
{"tid": "40135299", "timestamp": "1404920452", "amount": "2.989", "type": "bid", "price": "616.5"}
{"tid": "40135302", "timestamp": "1404920453", "amount": "0.0111127", "type": "ask", "price": "615.946"}
{"tid": "40135304", "timestamp": "1404920454", "amount": "0.0544266", "type": "ask", "price": "615.835"}
{"tid": "40135307", "timestamp": "1404920454", "amount": "0.0155734", "type": "ask", "price": "615.835"}
{"tid": "40135318", "timestamp": "1404920455", "amount": "0.23109", "type": "bid", "price": "616.5"}
### 1404920521.09 ###
{"tid": "40135319", "timestamp": "1404920461", "amount": "1", "type": "bid", "price": "616.5"}
{"tid": "40135332", "timestamp": "1404920471", "amount": "0.196", "type": "bid", "price": "616.5"}
{"tid": "40135371", "timestamp": "1404920473", "amount": "0.011", "type": "ask", "price": "615.253"}
{"tid": "40135419", "timestamp": "1404920475", "amount": "0.01", "type": "bid", "price": "616.5"}
{"tid": "40135422", "timestamp": "1404920475", "amount": "0.01", "type": "bid", "price": "616.5"}
{"tid": "40135428", "timestamp": "1404920475", "amount": "0.01", "type": "bid", "price": "616.5"}
{"tid": "40135431", "timestamp": "1404920475", "amount": "0.01", "type": "bid", "price": "616.5"}
### 1404478801.74 ###
{"tid": "39900279", "timestamp": "1404478794", "amount": "0.01002", "type": "ask", "price": "626.001"}
{"tid": "39900280", "timestamp": "1404478794", "amount": "1.98998", "type": "ask", "price": "626"}
{"tid": "39900284", "timestamp": "1404478800", "amount": "0.0232186", "type": "ask", "price": "626"}
### 1404478861.51 ###
{"tid": "39900289", "timestamp": "1404478817", "amount": "0.151", "type": "bid", "price": "626.9"}
{"tid": "39900290", "timestamp": "1404478827", "amount": "0.01002", "type": "ask", "price": "626.001"}
{"tid": "39900291", "timestamp": "1404478827", "amount": "5.03463", "type": "ask", "price": "626"}
{"tid": "39900298", "timestamp": "1404478857", "amount": "0.01002", "type": "ask", "price": "625.515"}
{"tid": "39900299", "timestamp": "1404478858", "amount": "0.07", "type": "bid", "price": "625.515"}
{"tid": "39900300", "timestamp": "1404478858", "amount": "0.64998", "type": "bid", "price": "625.515"}
### 1404478921.21 ###
{"tid": "39900304", "timestamp": "1404478901", "amount": "0.01002", "type": "ask", "price": "625.516"}
{"tid": "39900305", "timestamp": "1404478901", "amount": "0.01", "type": "ask", "price": "625.514"}
{"tid": "39900306", "timestamp": "1404478901", "amount": "0.9", "type": "ask", "price": "625.514"}
{"tid": "39900307", "timestamp": "1404478901", "amount": "0.0974941", "type": "ask", "price": "625.195"}
{"tid": "39900308", "timestamp": "1404478901", "amount": "0.05", "type": "ask", "price": "625.055"}
{"tid": "39900309", "timestamp": "1404478901", "amount": "0.9", "type": "ask", "price": "625.055"}
{"tid": "39900310", "timestamp": "1404478901", "amount": "3.13511", "type": "ask", "price": "625.03"}
{"tid": "39900311", "timestamp": "1404478901", "amount": "2.33381", "type": "ask", "price": "625.01"}
{"tid": "39900312", "timestamp": "1404478901", "amount": "0.168937", "type": "ask", "price": "625.001"}
{"tid": "39900313", "timestamp": "1404478906", "amount": "0.029", "type": "bid", "price": "626.001"}
### 1404478980.95 ###
{"tid": "39900316", "timestamp": "1404478923", "amount": "0.24549", "type": "bid", "price": "626.999"}
{"tid": "39900357", "timestamp": "1404478969", "amount": "0.01002", "type": "ask", "price": "625.519"}
{"tid": "39900358", "timestamp": "1404478969", "amount": "1.13804", "type": "ask", "price": "625.002"}
{"tid": "39900359", "timestamp": "1404478969", "amount": "0.971063", "type": "ask", "price": "625.001"}
{"tid": "39900360", "timestamp": "1404478969", "amount": "0.922266", "type": "ask", "price": "625"}
### 1404479041.33 ###
{"tid": "39900366", "timestamp": "1404478998", "amount": "0.015948", "type": "bid", "price": "626.999"}
{"tid": "39900371", "timestamp": "1404478999", "amount": "0.079744", "type": "bid", "price": "626.999"}
{"tid": "39900374", "timestamp": "1404479006", "amount": "0.0226962", "type": "bid", "price": "626.999"}
### 1404479101.09 ###
{"tid": "39900394", "timestamp": "1404479081", "amount": "0.136122", "type": "bid", "price": "626.999"}
{"tid": "39900395", "timestamp": "1404479081", "amount": "0.169878", "type": "bid", "price": "626.999"}
### 1404479161.14 ###
{"tid": "39900399", "timestamp": "1404479111", "amount": "0.0306575", "type": "bid", "price": "626.999"}
{"tid": "39900403", "timestamp": "1404479133", "amount": "0.0285586", "type": "ask", "price": "625.006"}
{"tid": "39900408", "timestamp": "1404479133", "amount": "0.0193039", "type": "bid", "price": "625.006"}
{"tid": "39900417", "timestamp": "1404479134", "amount": "0.385719", "type": "bid", "price": "625.006"}
### 1404479221.29 ###
{"tid": "39900451", "timestamp": "1404479163", "amount": "0.01002", "type": "ask", "price": "625.007"}
{"tid": "39900454", "timestamp": "1404479167", "amount": "0.0161566", "type": "bid", "price": "625.007"}
{"tid": "39900459", "timestamp": "1404479191", "amount": "0.0341814", "type": "bid", "price": "626.999"}
{"tid": "39900462", "timestamp": "1404479211", "amount": "0.0284958", "type": "bid", "price": "626"}
{"tid": "39900463", "timestamp": "1404479214", "amount": "0.02", "type": "ask", "price": "626"}
{"tid": "39900464", "timestamp": "1404479215", "amount": "0.0262509", "type": "bid", "price": "626"}
{"tid": "39900465", "timestamp": "1404479215", "amount": "0.02", "type": "bid", "price": "626.999"}
{"tid": "39900473", "timestamp": "1404479232", "amount": "0.0344923", "type": "bid", "price": "626.999"}
{"tid": "39900480", "timestamp": "1404479248", "amount": "0.0274528", "type": "bid", "price": "626.999"}
{"tid": "39900483", "timestamp": "1404479262", "amount": "0.103289", "type": "bid", "price": "626.999"}
{"tid": "39900488", "timestamp": "1404479264", "amount": "0.0253646", "type": "bid", "price": "626.999"}
{"tid": "39900499", "timestamp": "1404479332", "amount": "0.0546842", "type": "bid", "price": "626.999"}
{"tid": "39900500", "timestamp": "1404479332", "amount": "0.145316", "type": "bid", "price": "626.999"}
{"tid": "39900501", "timestamp": "1404479340", "amount": "0.354684", "type": "bid", "price": "626.999"}
{"tid": "39900502", "timestamp": "1404479340", "amount": "3.64532", "type": "bid", "price": "627"}
{"tid": "39900503", "timestamp": "1404479341", "amount": "1.32199", "type": "bid", "price": "627"}
### 1404479281.11 ###
{"tid": "39900509", "timestamp": "1404479368", "amount": "0.106", "type": "bid", "price": "627.398"}
{"tid": "39900510", "timestamp": "1404479368", "amount": "0.072631", "type": "bid", "price": "627.399"}
{"tid": "39900511", "timestamp": "1404479368", "amount": "0.05", "type": "bid", "price": "627.584"}
{"tid": "39900512", "timestamp": "1404479368", "amount": "0.0765", "type": "bid", "price": "627.818"}
{"tid": "39900513", "timestamp": "1404479368", "amount": "0.0765", "type": "bid", "price": "627.895"}
{"tid": "39900514", "timestamp": "1404479368", "amount": "0.0765", "type": "bid", "price": "627.903"}
{"tid": "39900515", "timestamp": "1404479368", "amount": "0.0765", "type": "bid", "price": "627.903"}
{"tid": "39900516", "timestamp": "1404479368", "amount": "0.05", "type": "bid", "price": "627.961"}
{"tid": "39900517", "timestamp": "1404479371", "amount": "0.0389532", "type": "ask", "price": "628"}
{"tid": "39900521", "timestamp": "1404479389", "amount": "0.01002", "type": "ask", "price": "628.001"}
{"tid": "39900522", "timestamp": "1404479389", "amount": "1.37642", "type": "ask", "price": "628"}
{"tid": "39900523", "timestamp": "1404479389", "amount": "2", "type": "ask", "price": "628"}
{"tid": "39900524", "timestamp": "1404479389", "amount": "2.67801", "type": "ask", "price": "627"}
{"tid": "39900525", "timestamp": "1404479389", "amount": "0.142509", "type": "ask", "price": "627"}
{"tid": "39900526", "timestamp": "1404479395", "amount": "3.79305", "type": "bid", "price": "627"}
{"tid": "39900527", "timestamp": "1404479395", "amount": "0.0765", "type": "bid", "price": "628.015"}
{"tid": "39900528", "timestamp": "1404479395", "amount": "0.0765", "type": "bid", "price": "628.021"}
{"tid": "39900529", "timestamp": "1404479395", "amount": "0.0765", "type": "bid", "price": "628.021"}
{"tid": "39900530", "timestamp": "1404479395", "amount": "0.05", "type": "bid", "price": "628.338"}
{"tid": "39900531", "timestamp": "1404479395", "amount": "0.05", "type": "bid", "price": "628.715"}
{"tid": "39900532", "timestamp": "1404479395", "amount": "0.0175", "type": "bid", "price": "628.981"}
{"tid": "39900533", "timestamp": "1404479395", "amount": "0.0875", "type": "bid", "price": "628.981"}
{"tid": "39900534", "timestamp": "1404479395", "amount": "0.0400398", "type": "bid", "price": "628.982"}
{"tid": "39900535", "timestamp": "1404479395", "amount": "0.296121", "type": "bid", "price": "628.983"}
{"tid": "39900536", "timestamp": "1404479395", "amount": "0.0236284", "type": "bid", "price": "629"}
{"tid": "39900537", "timestamp": "1404479395", "amount": "0.05", "type": "bid", "price": "629.029"}
{"tid": "39900538", "timestamp": "1404479395", "amount": "0.49029", "type": "bid", "price": "629.299"}
{"tid": "39900539", "timestamp": "1404479395", "amount": "5", "type": "bid", "price": "629.3"}
{"tid": "39900540", "timestamp": "1404479395", "amount": "0.05", "type": "bid", "price": "629.47"}
{"tid": "39900541", "timestamp": "1404479395", "amount": "0.0690373", "type": "bid", "price": "629.507"}
{"tid": "39900542", "timestamp": "1404479395", "amount": "0.0765", "type": "bid", "price": "629.529"}
{"tid": "39900543", "timestamp": "1404479395", "amount": "0.0765", "type": "bid", "price": "629.53"}
{"tid": "39900544", "timestamp": "1404479395", "amount": "0.0999", "type": "bid", "price": "629.682"}
{"tid": "39900545", "timestamp": "1404479395", "amount": "2.51626", "type": "bid", "price": "629.8"}
{"tid": "39900546", "timestamp": "1404479402", "amount": "0.618492", "type": "ask", "price": "627"}
### 1404479341.08 ###
{"tid": "39900547", "timestamp": "1404479417", "amount": "0.01002", "type": "bid", "price": "627"}
{"tid": "39900549", "timestamp": "1404479421", "amount": "0.5", "type": "bid", "price": "627"}
{"tid": "39900552", "timestamp": "1404479457", "amount": "0.665246", "type": "bid", "price": "627"}
{"tid": "39900561", "timestamp": "1404479464", "amount": "3.20624", "type": "bid", "price": "627"}
{"tid": "39900562", "timestamp": "1404479464", "amount": "0.5", "type": "bid", "price": "627"}
### 1404479401.28 ###
{"tid": "39900573", "timestamp": "1404479468", "amount": "0.05", "type": "bid", "price": "628.589"}
{"tid": "39900574", "timestamp": "1404479468", "amount": "0.05", "type": "bid", "price": "628.966"}
{"tid": "39900575", "timestamp": "1404479468", "amount": "0.0765", "type": "bid", "price": "629.792"}
{"tid": "39900576", "timestamp": "1404479468", "amount": "0.0175", "type": "bid", "price": "629.798"}
{"tid": "39900577", "timestamp": "1404479468", "amount": "0.01996", "type": "bid", "price": "629.799"}
{"tid": "39900578", "timestamp": "1404479468", "amount": "3", "type": "bid", "price": "629.799"}
{"tid": "39900579", "timestamp": "1404479468", "amount": "1.77024", "type": "bid", "price": "629.8"}
{"tid": "39900596", "timestamp": "1404479490", "amount": "0.03", "type": "bid", "price": "629.405"}
{"tid": "39900597", "timestamp": "1404479490", "amount": "0.05", "type": "bid", "price": "629.407"}
{"tid": "39900598", "timestamp": "1404479490", "amount": "0.182424", "type": "bid", "price": "629.8"}
{"tid": "39900606", "timestamp": "1404479502", "amount": "0.0185177", "type": "ask", "price": "628.589"}
{"tid": "39900608", "timestamp": "1404479506", "amount": "0.02", "type": "bid", "price": "629.8"}
{"tid": "39900609", "timestamp": "1404479507", "amount": "0.272429", "type": "ask", "price": "627.002"}
{"tid": "39900610", "timestamp": "1404479507", "amount": "0.491103", "type": "ask", "price": "627.001"}
{"tid": "39900611", "timestamp": "1404479507", "amount": "0.293758", "type": "ask", "price": "627"}
{"tid": "39900612", "timestamp": "1404479507", "amount": "3.94271", "type": "ask", "price": "627"}
{"tid": "39900615", "timestamp": "1404479515", "amount": "0.02", "type": "bid", "price": "629.8"}
{"tid": "39900616", "timestamp": "1404479518", "amount": "0.11", "type": "ask", "price": "628.589"}
### 1404479461.04 ###
{"tid": "39900620", "timestamp": "1404479529", "amount": "0.178713", "type": "bid", "price": "629.8"}
{"tid": "39900621", "timestamp": "1404479529", "amount": "0.05", "type": "bid", "price": "629.91"}
{"tid": "39900622", "timestamp": "1404479529", "amount": "0.01", "type": "bid", "price": "629.922"}
{"tid": "39900623", "timestamp": "1404479529", "amount": "0.748", "type": "bid", "price": "629.968"}
{"tid": "39900624", "timestamp": "1404479529", "amount": "0.0999", "type": "bid", "price": "629.986"}
{"tid": "39900625", "timestamp": "1404479529", "amount": "0.0998", "type": "bid", "price": "629.986"}
{"tid": "39900626", "timestamp": "1404479529", "amount": "0.0999", "type": "bid", "price": "629.987"}
{"tid": "39900627", "timestamp": "1404479529", "amount": "0.0998", "type": "bid", "price": "629.99"}
{"tid": "39900628", "timestamp": "1404479529", "amount": "0.0998", "type": "bid", "price": "629.99"}
{"tid": "39900629", "timestamp": "1404479529", "amount": "0.0998", "type": "bid", "price": "629.99"}
{"tid": "39900630", "timestamp": "1404479529", "amount": "0.0998", "type": "bid", "price": "629.99"}
{"tid": "39900631", "timestamp": "1404479529", "amount": "0.0219619", "type": "bid", "price": "629.996"}
{"tid": "39900632", "timestamp": "1404479529", "amount": "0.296151", "type": "bid", "price": "629.996"}
{"tid": "39900633", "timestamp": "1404479529", "amount": "5", "type": "bid", "price": "629.996"}
{"tid": "39900634", "timestamp": "1404479529", "amount": "0.012756", "type": "bid", "price": "629.999"}
{"tid": "39900635", "timestamp": "1404479529", "amount": "0.0115668", "type": "bid", "price": "629.999"}
{"tid": "39900636", "timestamp": "1404479529", "amount": "3.69663", "type": "bid", "price": "630"}
{"tid": "39900638", "timestamp": "1404479533", "amount": "0.025", "type": "ask", "price": "627.123"}
{"tid": "39900646", "timestamp": "1404479571", "amount": "0.02495", "type": "bid", "price": "629.8"}
{"tid": "39900647", "timestamp": "1404479572", "amount": "0.00198139", "type": "ask", "price": "629.8"}
### 1404479521.39 ###
{"tid": "39900650", "timestamp": "1404479609", "amount": "0.483717", "type": "ask", "price": "627.2"}
{"tid": "39900657", "timestamp": "1404479627", "amount": "0.0100377", "type": "bid", "price": "627.2"}
{"tid": "39900660", "timestamp": "1404479627", "amount": "0.0100377", "type": "bid", "price": "627.2"}
{"tid": "39900661", "timestamp": "1404479627", "amount": "0.0603273", "type": "bid", "price": "627.2"}
{"tid": "39900666", "timestamp": "1404479628", "amount": "0.0604482", "type": "bid", "price": "627.2"}
{"tid": "39900667", "timestamp": "1404479643", "amount": "0.109804", "type": "bid", "price": "627.2"}
{"tid": "39900668", "timestamp": "1404479643", "amount": "0.05", "type": "bid", "price": "628.715"}
{"tid": "39900669", "timestamp": "1404479643", "amount": "0.883", "type": "ask", "price": "629"}
{"tid": "39900670", "timestamp": "1404479644", "amount": "0.0871956", "type": "ask", "price": "629"}
### 1404479581.38 ###
### 1404479641.24 ###
{"tid": "39900688", "timestamp": "1404479716", "amount": "0.01002", "type": "ask", "price": "627.128"}
{"tid": "39900691", "timestamp": "1404479743", "amount": "0.270937", "type": "bid", "price": "627.124"}
{"tid": "39900692", "timestamp": "1404479743", "amount": "0.1", "type": "bid", "price": "629"}
{"tid": "39900693", "timestamp": "1404479743", "amount": "0.0368699", "type": "bid", "price": "629"}
{"tid": "39900694", "timestamp": "1404479743", "amount": "0.02", "type": "bid", "price": "629.501"}
{"tid": "39900695", "timestamp": "1404479743", "amount": "0.0104", "type": "bid", "price": "629.501"}
{"tid": "39900696", "timestamp": "1404479743", "amount": "0.0104", "type": "bid", "price": "629.501"}
{"tid": "39900697", "timestamp": "1404479743", "amount": "0.05", "type": "bid", "price": "629.785"}
{"tid": "39900698", "timestamp": "1404479743", "amount": "0.0765", "type": "bid", "price": "629.816"}
{"tid": "39900699", "timestamp": "1404479743", "amount": "0.0765", "type": "bid", "price": "629.949"}
{"tid": "39900700", "timestamp": "1404479743", "amount": "0.375225", "type": "bid", "price": "629.999"}
{"tid": "39900703", "timestamp": "1404479765", "amount": "0.392298", "type": "bid", "price": "629.999"}
### 1404479701.4 ###
{"tid": "39900705", "timestamp": "1404479786", "amount": "1", "type": "bid", "price": "629.999"}
{"tid": "39900710", "timestamp": "1404479823", "amount": "0.0635477", "type": "bid", "price": "629.7"}
{"tid": "39900712", "timestamp": "1404479824", "amount": "0.03", "type": "bid", "price": "629.7"}
### 1404479760.98 ###
{"tid": "39900715", "timestamp": "1404479858", "amount": "0.906452", "type": "bid", "price": "629.7"}
{"tid": "39900716", "timestamp": "1404479858", "amount": "0.015", "type": "ask", "price": "629.7"}
{"tid": "39900717", "timestamp": "1404479858", "amount": "0.019", "type": "ask", "price": "629.7"}
{"tid": "39900718", "timestamp": "1404479859", "amount": "0.05", "type": "ask", "price": "629.7"}
{"tid": "39900719", "timestamp": "1404479859", "amount": "0.898", "type": "ask", "price": "629.7"}
{"tid": "39900720", "timestamp": "1404479859", "amount": "0.257", "type": "ask", "price": "629.7"}
{"tid": "39900721", "timestamp": "1404479859", "amount": "0.029", "type": "ask", "price": "629.7"}
{"tid": "39900722", "timestamp": "1404479860", "amount": "0.05", "type": "ask", "price": "629.7"}
{"tid": "39900723", "timestamp": "1404479860", "amount": "1.53312", "type": "ask", "price": "629.7"}
{"tid": "39900724", "timestamp": "1404479862", "amount": "0.05", "type": "ask", "price": "629.7"}
{"tid": "39900725", "timestamp": "1404479864", "amount": "0.05", "type": "ask", "price": "629.7"}
{"tid": "39900727", "timestamp": "1404479865", "amount": "0.05", "type": "ask", "price": "629.7"}
{"tid": "39900728", "timestamp": "1404479865", "amount": "0.0883518", "type": "ask", "price": "629.7"}
{"tid": "39900729", "timestamp": "1404479866", "amount": "0.05", "type": "ask", "price": "629.7"}
{"tid": "39900730", "timestamp": "1404479867", "amount": "0.895", "type": "ask", "price": "629.7"}
{"tid": "39900731", "timestamp": "1404479867", "amount": "0.178", "type": "ask", "price": "629.7"}
{"tid": "39900732", "timestamp": "1404479868", "amount": "0.05", "type": "ask", "price": "629.7"}
{"tid": "39900733", "timestamp": "1404479869", "amount": "0.05", "type": "ask", "price": "629.7"}
{"tid": "39900734", "timestamp": "1404479870", "amount": "0.05", "type": "ask", "price": "629.7"}
{"tid": "39900735", "timestamp": "1404479872", "amount": "0.05", "type": "ask", "price": "629.7"}
{"tid": "39900737", "timestamp": "1404479873", "amount": "0.05", "type": "ask", "price": "629.7"}
{"tid": "39900738", "timestamp": "1404479874", "amount": "0.05", "type": "ask", "price": "629.7"}
{"tid": "39900739", "timestamp": "1404479875", "amount": "0.895", "type": "ask", "price": "629.7"}
{"tid": "39900740", "timestamp": "1404479877", "amount": "0.05", "type": "ask", "price": "629.7"}
{"tid": "39900742", "timestamp": "1404479879", "amount": "0.05", "type": "ask", "price": "629.7"}
{"tid": "39900743", "timestamp": "1404479880", "amount": "0.0172", "type": "ask", "price": "629.7"}
{"tid": "39900744", "timestamp": "1404479880", "amount": "0.05", "type": "ask", "price": "629.7"}
{"tid": "39900747", "timestamp": "1404479882", "amount": "0.05", "type": "ask", "price": "629.7"}
{"tid": "39900748", "timestamp": "1404479883", "amount": "0.892", "type": "ask", "price": "629.7"}
{"tid": "39900749", "timestamp": "1404479884", "amount": "0.05", "type": "ask", "price": "629.7"}
{"tid": "39900751", "timestamp": "1404479886", "amount": "0.05", "type": "ask", "price": "629.7"}
{"tid": "39900752", "timestamp": "1404479887", "amount": "1", "type": "bid", "price": "629.98"}
{"tid": "39900753", "timestamp": "1404479887", "amount": "0.05", "type": "ask", "price": "629.7"}
### 1404479821.44 ###
{"tid": "39900754", "timestamp": "1404479888", "amount": "0.05", "type": "ask", "price": "629.7"}
{"tid": "39900755", "timestamp": "1404479891", "amount": "0.6", "type": "ask", "price": "629.7"}
{"tid": "39900756", "timestamp": "1404479891", "amount": "0.05", "type": "ask", "price": "629.7"}
{"tid": "39900757", "timestamp": "1404479891", "amount": "0.89", "type": "ask", "price": "629.7"}
{"tid": "39900758", "timestamp": "1404479892", "amount": "0.05", "type": "ask", "price": "629.7"}
{"tid": "39900759", "timestamp": "1404479894", "amount": "0.05", "type": "ask", "price": "629.7"}
{"tid": "39900760", "timestamp": "1404479895", "amount": "0.05", "type": "ask", "price": "629.7"}
{"tid": "39900761", "timestamp": "1404479898", "amount": "0.01002", "type": "ask", "price": "629.701"}
{"tid": "39900762", "timestamp": "1404479898", "amount": "0.03998", "type": "ask", "price": "629.7"}
{"tid": "39900763", "timestamp": "1404479899", "amount": "0.05", "type": "ask", "price": "629.7"}
{"tid": "39900764", "timestamp": "1404479900", "amount": "0.887", "type": "ask", "price": "629.7"}
{"tid": "39900765", "timestamp": "1404479900", "amount": "0.05", "type": "ask", "price": "629.7"}
{"tid": "39900766", "timestamp": "1404479902", "amount": "0.05", "type": "ask", "price": "629.7"}
{"tid": "39900767", "timestamp": "1404479902", "amount": "1.32375", "type": "ask", "price": "629.7"}
{"tid": "39900768", "timestamp": "1404479903", "amount": "0.05", "type": "ask", "price": "629.7"}
{"tid": "39900769", "timestamp": "1404479904", "amount": "0.05", "type": "ask", "price": "629.7"}
{"tid": "39900771", "timestamp": "1404479906", "amount": "0.05", "type": "ask", "price": "629.7"}
{"tid": "39900772", "timestamp": "1404479907", "amount": "0.05", "type": "ask", "price": "629.7"}
{"tid": "39900773", "timestamp": "1404479909", "amount": "0.05", "type": "ask", "price": "629.7"}
{"tid": "39900774", "timestamp": "1404479910", "amount": "0.05", "type": "ask", "price": "629.7"}
{"tid": "39900775", "timestamp": "1404479911", "amount": "0.05", "type": "ask", "price": "629.7"}
{"tid": "39900776", "timestamp": "1404479913", "amount": "0.05", "type": "ask", "price": "629.7"}
{"tid": "39900777", "timestamp": "1404479914", "amount": "0.05", "type": "ask", "price": "629.7"}
{"tid": "39900780", "timestamp": "1404479914", "amount": "0.882", "type": "ask", "price": "629.7"}
{"tid": "39900781", "timestamp": "1404479915", "amount": "0.05", "type": "ask", "price": "629.7"}
{"tid": "39900782", "timestamp": "1404479917", "amount": "0.05", "type": "ask", "price": "629.7"}
{"tid": "39900783", "timestamp": "1404479918", "amount": "0.05", "type": "ask", "price": "629.7"}
{"tid": "39900784", "timestamp": "1404479923", "amount": "0.704156", "type": "ask", "price": "629.7"}
{"tid": "39900785", "timestamp": "1404479932", "amount": "0.5", "type": "bid", "price": "629.98"}
{"tid": "39900788", "timestamp": "1404479933", "amount": "0.0407206", "type": "bid", "price": "629.98"}
{"tid": "39900790", "timestamp": "1404479935", "amount": "0.04", "type": "bid", "price": "629.98"}
{"tid": "39900791", "timestamp": "1404479945", "amount": "0.147707", "type": "bid", "price": "629.98"}
{"tid": "39900792", "timestamp": "1404479945", "amount": "0.146583", "type": "bid", "price": "629.98"}
{"tid": "39900793", "timestamp": "1404479945", "amount": "0.0112581", "type": "bid", "price": "629.98"}
{"tid": "39900794", "timestamp": "1404479945", "amount": "0.0445546", "type": "bid", "price": "629.98"}
{"tid": "39900795", "timestamp": "1404479945", "amount": "0.321686", "type": "bid", "price": "629.98"}
{"tid": "39900797", "timestamp": "1404479945", "amount": "1.04775", "type": "bid", "price": "629.98"}
{"tid": "39900799", "timestamp": "1404479945", "amount": "0.0239578", "type": "bid", "price": "629.98"}
{"tid": "39900801", "timestamp": "1404479945", "amount": "0.116148", "type": "bid", "price": "629.98"}
{"tid": "39900802", "timestamp": "1404479945", "amount": "0.0498684", "type": "bid", "price": "629.98"}
{"tid": "39900804", "timestamp": "1404479945", "amount": "0.0227818", "type": "bid", "price": "629.98"}
{"tid": "39900806", "timestamp": "1404479945", "amount": "0.046601", "type": "bid", "price": "629.98"}
{"tid": "39900808", "timestamp": "1404479945", "amount": "0.0469229", "type": "bid", "price": "629.98"}
{"tid": "39900810", "timestamp": "1404479945", "amount": "0.0147461", "type": "bid", "price": "629.98"}
{"tid": "39900812", "timestamp": "1404479945", "amount": "0.0486292", "type": "bid", "price": "629.98"}
{"tid": "39900814", "timestamp": "1404479945", "amount": "0.0881652", "type": "bid", "price": "629.98"}
{"tid": "39900816", "timestamp": "1404479945", "amount": "0.0912377", "type": "bid", "price": "629.98"}
{"tid": "39900817", "timestamp": "1404479945", "amount": "0.0487494", "type": "bid", "price": "629.98"}
{"tid": "39900818", "timestamp": "1404479945", "amount": "0.0289632", "type": "bid", "price": "629.98"}
{"tid": "39900820", "timestamp": "1404479945", "amount": "0.0266778", "type": "bid", "price": "629.98"}
{"tid": "39900822", "timestamp": "1404479945", "amount": "0.0144266", "type": "bid", "price": "629.98"}
{"tid": "39900824", "timestamp": "1404479945", "amount": "0.0365706", "type": "bid", "price": "629.98"}
{"tid": "39900825", "timestamp": "1404479945", "amount": "0.0201422", "type": "bid", "price": "629.98"}
{"tid": "39900826", "timestamp": "1404479945", "amount": "0.0168442", "type": "bid", "price": "629.98"}
{"tid": "39900827", "timestamp": "1404479945", "amount": "0.191049", "type": "bid", "price": "629.98"}
{"tid": "39900828", "timestamp": "1404479945", "amount": "0.0232815", "type": "bid", "price": "629.98"}
{"tid": "39900829", "timestamp": "1404479945", "amount": "0.233712", "type": "bid", "price": "629.98"}
{"tid": "39900830", "timestamp": "1404479945", "amount": "0.0637141", "type": "bid", "price": "629.98"}
{"tid": "39900831", "timestamp": "1404479945", "amount": "0.0157228", "type": "bid", "price": "629.98"}
{"tid": "39900832", "timestamp": "1404479945", "amount": "0.144023", "type": "bid", "price": "629.98"}
{"tid": "39900833", "timestamp": "1404479945", "amount": "0.0283223", "type": "bid", "price": "629.98"}
{"tid": "39900834", "timestamp": "1404479945", "amount": "0.0246273", "type": "bid", "price": "629.98"}
{"tid": "39900835", "timestamp": "1404479945", "amount": "0.0260258", "type": "bid", "price": "629.98"}
{"tid": "39900836", "timestamp": "1404479945", "amount": "0.0206114", "type": "bid", "price": "629.98"}
{"tid": "39900837", "timestamp": "1404479945", "amount": "0.173022", "type": "bid", "price": "629.98"}
{"tid": "39900838", "timestamp": "1404479945", "amount": "0.0352469", "type": "bid", "price": "629.98"}
{"tid": "39900839", "timestamp": "1404479945", "amount": "0.0212655", "type": "bid", "price": "629.98"}
{"tid": "39900840", "timestamp": "1404479945", "amount": "0.0221798", "type": "bid", "price": "629.98"}
{"tid": "39900841", "timestamp": "1404479945", "amount": "0.0174028", "type": "bid", "price": "629.98"}
{"tid": "39900842", "timestamp": "1404479945", "amount": "0.0215999", "type": "bid", "price": "629.98"}
{"tid": "39900844", "timestamp": "1404479945", "amount": "0.0842233", "type": "bid", "price": "629.98"}
{"tid": "39900846", "timestamp": "1404479945", "amount": "0.0864588", "type": "bid", "price": "629.98"}
{"tid": "39900848", "timestamp": "1404479945", "amount": "0.0838828", "type": "bid", "price": "629.98"}
{"tid": "39900850", "timestamp": "1404479945", "amount": "0.0554141", "type": "bid", "price": "629.98"}
{"tid": "39900851", "timestamp": "1404479945", "amount": "0.0188178", "type": "bid", "price": "629.98"}
{"tid": "39900852", "timestamp": "1404479945", "amount": "0.0184353", "type": "bid", "price": "629.98"}
{"tid": "39900853", "timestamp": "1404479945", "amount": "0.0229685", "type": "bid", "price": "629.98"}
{"tid": "39900854", "timestamp": "1404479945", "amount": "0.026039", "type": "bid", "price": "629.98"}
{"tid": "39900855", "timestamp": "1404479945", "amount": "0.112143", "type": "bid", "price": "629.98"}
{"tid": "39900856", "timestamp": "1404479945", "amount": "0.0386289", "type": "bid", "price": "629.98"}
{"tid": "39900857", "timestamp": "1404479945", "amount": "0.0293463", "type": "bid", "price": "629.98"}
{"tid": "39900858", "timestamp": "1404479945", "amount": "0.078248", "type": "bid", "price": "629.98"}
{"tid": "39900859", "timestamp": "1404479945", "amount": "0.0454785", "type": "bid", "price": "629.98"}
{"tid": "39900860", "timestamp": "1404479945", "amount": "0.0645803", "type": "bid", "price": "629.98"}
{"tid": "39900861", "timestamp": "1404479945", "amount": "0.169818", "type": "bid", "price": "629.98"}
{"tid": "39900862", "timestamp": "1404479945", "amount": "0.0176746", "type": "bid", "price": "629.98"}
{"tid": "39900863", "timestamp": "1404479945", "amount": "0.0117239", "type": "bid", "price": "629.98"}
{"tid": "39900864", "timestamp": "1404479945", "amount": "0.0218813", "type": "bid", "price": "629.98"}
{"tid": "39900865", "timestamp": "1404479945", "amount": "0.058077", "type": "bid", "price": "629.98"}
{"tid": "39900866", "timestamp": "1404479945", "amount": "0.0194758", "type": "bid", "price": "629.98"}
{"tid": "39900867", "timestamp": "1404479945", "amount": "0.0523552", "type": "bid", "price": "629.98"}
{"tid": "39900868", "timestamp": "1404479945", "amount": "0.0385161", "type": "bid", "price": "629.98"}
{"tid": "39900869", "timestamp": "1404479945", "amount": "0.0392438", "type": "bid", "price": "629.98"}
{"tid": "39900870", "timestamp": "1404479945", "amount": "0.0206443", "type": "bid", "price": "629.98"}
{"tid": "39900871", "timestamp": "1404479945", "amount": "0.0600689", "type": "bid", "price": "629.98"}
{"tid": "39900872", "timestamp": "1404479945", "amount": "0.0628039", "type": "bid", "price": "629.98"}
{"tid": "39900873", "timestamp": "1404479945", "amount": "0.0350027", "type": "bid", "price": "629.98"}
{"tid": "39900874", "timestamp": "1404479945", "amount": "0.057643", "type": "bid", "price": "629.98"}
{"tid": "39900875", "timestamp": "1404479945", "amount": "0.0188477", "type": "bid", "price": "629.98"}
{"tid": "39900876", "timestamp": "1404479946", "amount": "0.0490136", "type": "bid", "price": "629.98"}
{"tid": "39900877", "timestamp": "1404479946", "amount": "3.45215", "type": "bid", "price": "629.98"}
{"tid": "39900878", "timestamp": "1404479946", "amount": "0.0864755", "type": "bid", "price": "629.98"}
{"tid": "39900879", "timestamp": "1404479946", "amount": "0.276784", "type": "bid", "price": "629.98"}
{"tid": "39900880", "timestamp": "1404479946", "amount": "0.0392323", "type": "bid", "price": "629.98"}
{"tid": "39900881", "timestamp": "1404479946", "amount": "0.205531", "type": "bid", "price": "629.98"}
{"tid": "39900882", "timestamp": "1404479946", "amount": "0.0155198", "type": "bid", "price": "629.98"}
{"tid": "39900883", "timestamp": "1404479946", "amount": "0.0377613", "type": "bid", "price": "629.98"}
{"tid": "39900884", "timestamp": "1404479946", "amount": "0.101251", "type": "bid", "price": "629.98"}
{"tid": "39900885", "timestamp": "1404479946", "amount": "0.0196994", "type": "bid", "price": "629.98"}
{"tid": "39900886", "timestamp": "1404479946", "amount": "0.0224802", "type": "bid", "price": "629.98"}
{"tid": "39900887", "timestamp": "1404479946", "amount": "0.0497366", "type": "bid", "price": "629.98"}
{"tid": "39900888", "timestamp": "1404479946", "amount": "0.0375107", "type": "bid", "price": "629.98"}
{"tid": "39900889", "timestamp": "1404479946", "amount": "0.106719", "type": "bid", "price": "629.98"}
{"tid": "39900890", "timestamp": "1404479946", "amount": "0.0142758", "type": "bid", "price": "629.98"}
{"tid": "39900891", "timestamp": "1404479946", "amount": "0.106782", "type": "bid", "price": "629.98"}
{"tid": "39900892", "timestamp": "1404479946", "amount": "0.245085", "type": "bid", "price": "629.98"}
{"tid": "39900893", "timestamp": "1404479946", "amount": "0.0692059", "type": "bid", "price": "629.98"}
{"tid": "39900894", "timestamp": "1404479946", "amount": "0.183517", "type": "bid", "price": "629.98"}
{"tid": "39900895", "timestamp": "1404479946", "amount": "0.0249267", "type": "bid", "price": "629.98"}
{"tid": "39900896", "timestamp": "1404479946", "amount": "0.0160766", "type": "bid", "price": "629.98"}
{"tid": "39900897", "timestamp": "1404479946", "amount": "0.0132344", "type": "bid", "price": "629.98"}
{"tid": "39900898", "timestamp": "1404479946", "amount": "0.0313293", "type": "bid", "price": "629.98"}
{"tid": "39900899", "timestamp": "1404479946", "amount": "0.201613", "type": "bid", "price": "629.98"}
{"tid": "39900900", "timestamp": "1404479946", "amount": "0.136097", "type": "bid", "price": "629.98"}
{"tid": "39900901", "timestamp": "1404479946", "amount": "0.0206544", "type": "bid", "price": "629.98"}
{"tid": "39900902", "timestamp": "1404479946", "amount": "0.0501217", "type": "bid", "price": "629.98"}
{"tid": "39900903", "timestamp": "1404479946", "amount": "0.0223727", "type": "bid", "price": "629.98"}
{"tid": "39900904", "timestamp": "1404479946", "amount": "0.0187465", "type": "bid", "price": "629.98"}
{"tid": "39900905", "timestamp": "1404479946", "amount": "0.0751597", "type": "bid", "price": "629.98"}
{"tid": "39900906", "timestamp": "1404479946", "amount": "0.0291786", "type": "bid", "price": "629.98"}
{"tid": "39900907", "timestamp": "1404479946", "amount": "0.0393357", "type": "bid", "price": "629.98"}
{"tid": "39900908", "timestamp": "1404479946", "amount": "0.0789682", "type": "bid", "price": "629.98"}
{"tid": "39900909", "timestamp": "1404479946", "amount": "0.0526658", "type": "bid", "price": "629.98"}
{"tid": "39900910", "timestamp": "1404479946", "amount": "0.114831", "type": "bid", "price": "629.98"}
{"tid": "39900911", "timestamp": "1404479946", "amount": "0.096853", "type": "bid", "price": "629.98"}
{"tid": "39900912", "timestamp": "1404479946", "amount": "0.125713", "type": "bid", "price": "629.98"}
{"tid": "39900913", "timestamp": "1404479946", "amount": "0.0300815", "type": "bid", "price": "629.98"}
{"tid": "39900914", "timestamp": "1404479946", "amount": "0.0157754", "type": "bid", "price": "629.98"}
{"tid": "39900915", "timestamp": "1404479946", "amount": "0.0435157", "type": "bid", "price": "629.98"}
{"tid": "39900916", "timestamp": "1404479946", "amount": "0.0378747", "type": "bid", "price": "629.98"}
{"tid": "39900917", "timestamp": "1404479946", "amount": "0.0356924", "type": "bid", "price": "629.98"}
{"tid": "39900918", "timestamp": "1404479946", "amount": "0.0351905", "type": "bid", "price": "629.98"}
{"tid": "39900919", "timestamp": "1404479946", "amount": "0.00153605", "type": "bid", "price": "629.98"}
{"tid": "39900920", "timestamp": "1404479946", "amount": "0.0134639", "type": "bid", "price": "629.98"}
### 1404479881.1 ###
{"tid": "39901396", "timestamp": "1404479953", "amount": "0.141375", "type": "bid", "price": "630"}
{"tid": "39901397", "timestamp": "1404479953", "amount": "0.0293777", "type": "bid", "price": "630"}
{"tid": "39901398", "timestamp": "1404479953", "amount": "0.0340755", "type": "bid", "price": "630"}
{"tid": "39901399", "timestamp": "1404479953", "amount": "0.0431107", "type": "bid", "price": "630"}
{"tid": "39901400", "timestamp": "1404479953", "amount": "0.0538485", "type": "bid", "price": "630"}
{"tid": "39901401", "timestamp": "1404479953", "amount": "0.221363", "type": "bid", "price": "630"}
{"tid": "39901402", "timestamp": "1404479953", "amount": "0.201519", "type": "bid", "price": "630"}
{"tid": "39901403", "timestamp": "1404479953", "amount": "0.19484", "type": "bid", "price": "630"}
{"tid": "39901404", "timestamp": "1404479953", "amount": "0.0471139", "type": "bid", "price": "630"}
{"tid": "39901405", "timestamp": "1404479953", "amount": "0.0632", "type": "bid", "price": "630"}
{"tid": "39901406", "timestamp": "1404479953", "amount": "0.0368", "type": "bid", "price": "630"}
{"tid": "39901407", "timestamp": "1404479953", "amount": "0.104", "type": "bid", "price": "630"}
{"tid": "39901408", "timestamp": "1404479953", "amount": "0.0679145", "type": "bid", "price": "630"}
{"tid": "39901409", "timestamp": "1404479953", "amount": "0.0806821", "type": "bid", "price": "630"}
{"tid": "39901410", "timestamp": "1404479953", "amount": "0.0794449", "type": "bid", "price": "630"}
{"tid": "39901411", "timestamp": "1404479953", "amount": "0.0512787", "type": "bid", "price": "630"}
{"tid": "39901412", "timestamp": "1404479953", "amount": "0.0481764", "type": "bid", "price": "630"}
{"tid": "39901413", "timestamp": "1404479953", "amount": "0.141613", "type": "bid", "price": "630"}
{"tid": "39901414", "timestamp": "1404479953", "amount": "0.0199485", "type": "bid", "price": "630"}
{"tid": "39901415", "timestamp": "1404479953", "amount": "0.0200535", "type": "bid", "price": "630"}
{"tid": "39901416", "timestamp": "1404479953", "amount": "0.0108653", "type": "bid", "price": "630"}
{"tid": "39901417", "timestamp": "1404479953", "amount": "0.0303238", "type": "bid", "price": "630"}
{"tid": "39901418", "timestamp": "1404479953", "amount": "0.0135925", "type": "bid", "price": "630"}
{"tid": "39901419", "timestamp": "1404479953", "amount": "0.0240616", "type": "bid", "price": "630"}
{"tid": "39901420", "timestamp": "1404479953", "amount": "0.024196", "type": "bid", "price": "630"}
{"tid": "39901421", "timestamp": "1404479953", "amount": "0.0303755", "type": "bid", "price": "630"}
{"tid": "39901422", "timestamp": "1404479953", "amount": "0.0384649", "type": "bid", "price": "630"}
{"tid": "39901423", "timestamp": "1404479953", "amount": "0.0793582", "type": "bid", "price": "630"}
{"tid": "39901424", "timestamp": "1404479953", "amount": "0.0566854", "type": "bid", "price": "630"}
{"tid": "39901425", "timestamp": "1404479953", "amount": "0.0536482", "type": "bid", "price": "630"}
{"tid": "39901426", "timestamp": "1404479953", "amount": "0.0589732", "type": "bid", "price": "630"}
{"tid": "39901427", "timestamp": "1404479953", "amount": "0.0361881", "type": "bid", "price": "630"}
{"tid": "39901428", "timestamp": "1404479953", "amount": "0.034688", "type": "bid", "price": "630"}
{"tid": "39901429", "timestamp": "1404479953", "amount": "0.0542128", "type": "bid", "price": "630"}
{"tid": "39901430", "timestamp": "1404479953", "amount": "0.0379315", "type": "bid", "price": "630"}
{"tid": "39901431", "timestamp": "1404479953", "amount": "0.0871838", "type": "bid", "price": "630"}
{"tid": "39901432", "timestamp": "1404479953", "amount": "0.0766948", "type": "bid", "price": "630"}
{"tid": "39901433", "timestamp": "1404479953", "amount": "0.0206529", "type": "bid", "price": "630"}
{"tid": "39901434", "timestamp": "1404479953", "amount": "0.132902", "type": "bid", "price": "630"}
{"tid": "39901435", "timestamp": "1404479953", "amount": "0.0122217", "type": "bid", "price": "630"}
{"tid": "39901436", "timestamp": "1404479953", "amount": "0.0230009", "type": "bid", "price": "630"}
{"tid": "39901437", "timestamp": "1404479953", "amount": "0.0341022", "type": "bid", "price": "630"}
{"tid": "39901438", "timestamp": "1404479953", "amount": "0.12842", "type": "bid", "price": "630"}
{"tid": "39901439", "timestamp": "1404479953", "amount": "0.0220965", "type": "bid", "price": "630"}
{"tid": "39901440", "timestamp": "1404479953", "amount": "0.0364784", "type": "bid", "price": "630"}
{"tid": "39901441", "timestamp": "1404479953", "amount": "0.020243", "type": "bid", "price": "630"}
{"tid": "39901442", "timestamp": "1404479953", "amount": "0.010999", "type": "bid", "price": "630"}
{"tid": "39901443", "timestamp": "1404479953", "amount": "0.0167277", "type": "bid", "price": "630"}
{"tid": "39901444", "timestamp": "1404479953", "amount": "0.0283", "type": "bid", "price": "630"}
{"tid": "39901445", "timestamp": "1404479953", "amount": "0.0104872", "type": "bid", "price": "630"}
{"tid": "39901446", "timestamp": "1404479953", "amount": "0.0132041", "type": "bid", "price": "630"}
{"tid": "39901447", "timestamp": "1404479953", "amount": "0.0180157", "type": "bid", "price": "630"}
{"tid": "39901448", "timestamp": "1404479953", "amount": "0.0183909", "type": "bid", "price": "630"}
{"tid": "39901449", "timestamp": "1404479953", "amount": "0.0603073", "type": "bid", "price": "630"}
{"tid": "39901450", "timestamp": "1404479953", "amount": "0.455597", "type": "bid", "price": "630"}
{"tid": "39901451", "timestamp": "1404479953", "amount": "0.0117625", "type": "bid", "price": "630"}
{"tid": "39901452", "timestamp": "1404479953", "amount": "0.0986417", "type": "bid", "price": "630"}
{"tid": "39901453", "timestamp": "1404479953", "amount": "0.0248303", "type": "bid", "price": "630"}
{"tid": "39901454", "timestamp": "1404479953", "amount": "0.0130566", "type": "bid", "price": "630"}
{"tid": "39901455", "timestamp": "1404479953", "amount": "0.0114416", "type": "bid", "price": "630"}
{"tid": "39901456", "timestamp": "1404479953", "amount": "0.0123522", "type": "bid", "price": "630"}
{"tid": "39901457", "timestamp": "1404479953", "amount": "0.0575682", "type": "bid", "price": "630"}
{"tid": "39901458", "timestamp": "1404479953", "amount": "0.0322118", "type": "bid", "price": "630"}
{"tid": "39901459", "timestamp": "1404479953", "amount": "0.0275642", "type": "bid", "price": "630"}
{"tid": "39901460", "timestamp": "1404479953", "amount": "0.0663367", "type": "bid", "price": "630"}
{"tid": "39901461", "timestamp": "1404479953", "amount": "0.0199017", "type": "bid", "price": "630"}
{"tid": "39901462", "timestamp": "1404479953", "amount": "0.0627322", "type": "bid", "price": "630"}
{"tid": "39901463", "timestamp": "1404479953", "amount": "0.017859", "type": "bid", "price": "630"}
{"tid": "39901464", "timestamp": "1404479953", "amount": "0.0190048", "type": "bid", "price": "630"}
{"tid": "39901465", "timestamp": "1404479953", "amount": "0.0102377", "type": "bid", "price": "630"}
{"tid": "39901466", "timestamp": "1404479953", "amount": "0.0599356", "type": "bid", "price": "630"}
{"tid": "39901467", "timestamp": "1404479953", "amount": "0.175565", "type": "bid", "price": "630"}
{"tid": "39901468", "timestamp": "1404479953", "amount": "0.039444", "type": "bid", "price": "630"}
{"tid": "39901469", "timestamp": "1404479953", "amount": "0.0617792", "type": "bid", "price": "630"}
{"tid": "39901470", "timestamp": "1404479953", "amount": "0.0234606", "type": "bid", "price": "630"}
{"tid": "39901471", "timestamp": "1404479953", "amount": "0.01676", "type": "bid", "price": "630"}
{"tid": "39901472", "timestamp": "1404479953", "amount": "0.0538259", "type": "bid", "price": "630"}
{"tid": "39901473", "timestamp": "1404479953", "amount": "0.0197274", "type": "bid", "price": "630"}
{"tid": "39901474", "timestamp": "1404479953", "amount": "0.358508", "type": "bid", "price": "630"}
{"tid": "39901475", "timestamp": "1404479953", "amount": "0.038065", "type": "bid", "price": "630"}
{"tid": "39901476", "timestamp": "1404479953", "amount": "0.274046", "type": "bid", "price": "630"}
{"tid": "39901477", "timestamp": "1404479953", "amount": "0.0453707", "type": "bid", "price": "630"}
{"tid": "39901478", "timestamp": "1404479953", "amount": "0.0202575", "type": "bid", "price": "630"}
{"tid": "39901479", "timestamp": "1404479953", "amount": "0.0231835", "type": "bid", "price": "630"}
{"tid": "39901480", "timestamp": "1404479953", "amount": "0.0694934", "type": "bid", "price": "630"}
{"tid": "39901481", "timestamp": "1404479953", "amount": "0.0220008", "type": "bid", "price": "630"}
{"tid": "39901482", "timestamp": "1404479953", "amount": "0.431722", "type": "bid", "price": "630"}
{"tid": "39901483", "timestamp": "1404479953", "amount": "0.115805", "type": "bid", "price": "630"}
{"tid": "39901484", "timestamp": "1404479953", "amount": "0.0424267", "type": "bid", "price": "630"}
{"tid": "39901485", "timestamp": "1404479953", "amount": "0.0139879", "type": "bid", "price": "630"}
{"tid": "39901486", "timestamp": "1404479953", "amount": "0.0477121", "type": "bid", "price": "630"}
{"tid": "39901487", "timestamp": "1404479953", "amount": "0.154915", "type": "bid", "price": "630"}
{"tid": "39901488", "timestamp": "1404479953", "amount": "0.0297019", "type": "bid", "price": "630"}
{"tid": "39901495", "timestamp": "1404479954", "amount": "0.974842", "type": "bid", "price": "630"}
{"tid": "39901496", "timestamp": "1404479954", "amount": "2.47068", "type": "bid", "price": "630"}
{"tid": "39901497", "timestamp": "1404479954", "amount": "0.204998", "type": "bid", "price": "630"}
{"tid": "39901498", "timestamp": "1404479954", "amount": "0.0271054", "type": "bid", "price": "630"}
{"tid": "39901499", "timestamp": "1404479954", "amount": "0.0493012", "type": "bid", "price": "630"}
{"tid": "39901500", "timestamp": "1404479954", "amount": "0.182928", "type": "bid", "price": "630"}
{"tid": "39901501", "timestamp": "1404479955", "amount": "0.0280178", "type": "bid", "price": "630"}
{"tid": "39901502", "timestamp": "1404479955", "amount": "0.0307883", "type": "bid", "price": "630"}
{"tid": "39901503", "timestamp": "1404479955", "amount": "0.0197392", "type": "bid", "price": "630"}
{"tid": "39901504", "timestamp": "1404479956", "amount": "0.0577553", "type": "bid", "price": "630"}
{"tid": "39901539", "timestamp": "1404479960", "amount": "0.05", "type": "ask", "price": "629.99"}
{"tid": "39901552", "timestamp": "1404479963", "amount": "0.0104229", "type": "bid", "price": "629.99"}
{"tid": "39901553", "timestamp": "1404479964", "amount": "0.0395771", "type": "bid", "price": "629.99"}
{"tid": "39901554", "timestamp": "1404479964", "amount": "0.05", "type": "bid", "price": "629.99"}
{"tid": "39901555", "timestamp": "1404479964", "amount": "1.56172", "type": "bid", "price": "630"}
{"tid": "39901569", "timestamp": "1404479971", "amount": "7.80423", "type": "bid", "price": "630"}
{"tid": "39901574", "timestamp": "1404479975", "amount": "0.2154", "type": "bid", "price": "630"}
{"tid": "39901585", "timestamp": "1404479997", "amount": "1.30485", "type": "bid", "price": "630"}
{"tid": "39901586", "timestamp": "1404479997", "amount": "1.549", "type": "bid", "price": "630"}
{"tid": "39901587", "timestamp": "1404479997", "amount": "0.015", "type": "bid", "price": "630"}
{"tid": "39901588", "timestamp": "1404479997", "amount": "0.05", "type": "bid", "price": "630.226"}
{"tid": "39901589", "timestamp": "1404479997", "amount": "0.01", "type": "bid", "price": "630.593"}
{"tid": "39901590", "timestamp": "1404479997", "amount": "0.05", "type": "bid", "price": "630.604"}
{"tid": "39901591", "timestamp": "1404479997", "amount": "0.05", "type": "bid", "price": "630.856"}
{"tid": "39901592", "timestamp": "1404479997", "amount": "0.0107478", "type": "bid", "price": "630.999"}
{"tid": "39901593", "timestamp": "1404479997", "amount": "0.00040136", "type": "bid", "price": "631.108"}
{"tid": "39901594", "timestamp": "1404479997", "amount": "0.04", "type": "bid", "price": "631.108"}
{"tid": "39901595", "timestamp": "1404479998", "amount": "0.00959864", "type": "bid", "price": "631.108"}
{"tid": "39901596", "timestamp": "1404479998", "amount": "0.0100298", "type": "bid", "price": "631.15"}
{"tid": "39901597", "timestamp": "1404479998", "amount": "0.01", "type": "bid", "price": "631.264"}
{"tid": "39901598", "timestamp": "1404479998", "amount": "0.05", "type": "bid", "price": "631.487"}
{"tid": "39901599", "timestamp": "1404479998", "amount": "0.01", "type": "bid", "price": "631.514"}
{"tid": "39901600", "timestamp": "1404479998", "amount": "0.05", "type": "bid", "price": "631.866"}
{"tid": "39901601", "timestamp": "1404479998", "amount": "0.01", "type": "bid", "price": "631.937"}
{"tid": "39901602", "timestamp": "1404479998", "amount": "0.015791", "type": "bid", "price": "631.949"}
{"tid": "39901603", "timestamp": "1404479998", "amount": "0.4384", "type": "bid", "price": "631.969"}
{"tid": "39901604", "timestamp": "1404479998", "amount": "0.0107456", "type": "bid", "price": "631.999"}
{"tid": "39901605", "timestamp": "1404479998", "amount": "0.998", "type": "bid", "price": "632"}
{"tid": "39901606", "timestamp": "1404479998", "amount": "0.5", "type": "bid", "price": "632"}
{"tid": "39901607", "timestamp": "1404479998", "amount": "0.381855", "type": "bid", "price": "632"}
{"tid": "39901608", "timestamp": "1404479998", "amount": "0.02495", "type": "bid", "price": "632"}
{"tid": "39901609", "timestamp": "1404479998", "amount": "0.05", "type": "bid", "price": "632.119"}
{"tid": "39901610", "timestamp": "1404479998", "amount": "0.0999", "type": "bid", "price": "632.37"}
{"tid": "39901611", "timestamp": "1404479998", "amount": "0.0999", "type": "bid", "price": "632.37"}
{"tid": "39901612", "timestamp": "1404479999", "amount": "0.05", "type": "bid", "price": "632.498"}
{"tid": "39901613", "timestamp": "1404479999", "amount": "0.01", "type": "bid", "price": "632.61"}
{"tid": "39901614", "timestamp": "1404479999", "amount": "0.13", "type": "bid", "price": "632.68"}
{"tid": "39901615", "timestamp": "1404479999", "amount": "0.0108298", "type": "bid", "price": "632.68"}
{"tid": "39901616", "timestamp": "1404479999", "amount": "0.15917", "type": "bid", "price": "632.68"}
{"tid": "39901617", "timestamp": "1404479999", "amount": "0.105", "type": "bid", "price": "632.798"}
{"tid": "39901618", "timestamp": "1404479999", "amount": "1.75", "type": "bid", "price": "632.799"}
{"tid": "39901619", "timestamp": "1404479999", "amount": "3.02583", "type": "bid", "price": "632.8"}
{"tid": "39901620", "timestamp": "1404480000", "amount": "0.03", "type": "bid", "price": "632.8"}
{"tid": "39901621", "timestamp": "1404480001", "amount": "0.11", "type": "bid", "price": "632.8"}
{"tid": "39901622", "timestamp": "1404480003", "amount": "0.018", "type": "ask", "price": "630"}
{"tid": "39901623", "timestamp": "1404480005", "amount": "0.05", "type": "ask", "price": "630"}
{"tid": "39901658", "timestamp": "1404480006", "amount": "0.05", "type": "ask", "price": "630"}
### 1404480068.17 ###
{"tid": "39901660", "timestamp": "1404480008", "amount": "0.05", "type": "ask", "price": "630"}
{"tid": "39901661", "timestamp": "1404480009", "amount": "0.263", "type": "ask", "price": "630"}
{"tid": "39901662", "timestamp": "1404480010", "amount": "0.05", "type": "ask", "price": "630"}
{"tid": "39901663", "timestamp": "1404480012", "amount": "0.05", "type": "ask", "price": "630"}
{"tid": "39901664", "timestamp": "1404480016", "amount": "0.124", "type": "ask", "price": "630"}
{"tid": "39901665", "timestamp": "1404480021", "amount": "0.05", "type": "bid", "price": "632.309"}
{"tid": "39901666", "timestamp": "1404480021", "amount": "0.01996", "type": "bid", "price": "632.309"}
{"tid": "39901667", "timestamp": "1404480021", "amount": "0.01996", "type": "bid", "price": "632.309"}
{"tid": "39901668", "timestamp": "1404480021", "amount": "0.01996", "type": "bid", "price": "632.309"}
